2040 3646
234 174 361 221 XXX

236 324 351 376 quae
371 317 427 363 de
445 304 620 376 origine
637 305 828 362 civitatis
848 317 1070 375 exposuit,
1092 331 1152 364 ea
1171 318 1444 364 consentiant
1461 307 1553 365 fere
1572 335 1675 366 cum
1698 320 1773 379 iis,
1801 337 1920 380 quae-

238 404 286 449 in
313 403 480 448 Politia
505 402 801 459 disputaverat
823 436 836 460 ,
892 391 1040 448 tamen
1072 419 1185 460 quae
1214 405 1432 461 pertinent
1461 407 1518 450 ad
1549 409 1770 465 exemplar
1802 409 1919 453 illud

240 489 432 546 optimae
450 487 667 542 civitatis,
695 488 812 544 quod
834 488 1006 532 civibus
1029 494 1337 546 preposuerat,
1366 504 1454 534 non
1475 491 1646 549 attigit,
1674 493 1918 550 plurimum

239 587 348 618 vero
379 586 538 630 operae
570 573 805 617 collocavit
838 572 885 616 in
919 574 1216 638 describendis
1243 575 1400 618 officiis
1432 581 1476 620 et
1495 577 1752 622 muneribus
1772 575 1919 637 mag-i·

238 661 457 704 stratuum
476 662 607 714 atque
620 657 894 702 institutione
910 673 1161 715 puerorum.
1206 659 1400 703 ,Videtur
1421 665 1569 704 autem
1587 662 1741 717 Plato,
1783 678 1921 721 quum

237 742 378 788 libros
407 743 463 786 de
490 723 996 801 legibus'consignarea
1051 743 1099 787 in
1130 743 1278 788 animo
1303 745 1515 789 habuisse
1548 747 1781 792 consilium
1805 750 1921 794 alius

238 828 374 872 etiam
395 828 644 885 scriptionis
667 829 1015 885 componendae,
1055 830 1102 872 in
1130 843 1217 885 qua
1244 830 1438 884 doceret,
1477 846 1590 887 quae
1615 837 1730 876 esset
1753 835 1920 891 optima

239 913 469 958 civitatum
487 915 856 961 emendandarum,
870 914 985 957 ratio
1006 928 1086 970 pro
1105 914 1230 958 varia
1247 920 1494 972 temporum
1515 921 1558 960 et
1584 917 1786 974 locorum
1815 935 1920 970 con-

238 998 405 1042 ditione
417 999 471 1056 ²').
531 1001 677 1055 Quem
698 1003 843 1042 tamen
872 999 1041 1042 librum
1070 985 1302 1055 quominus
1331 1003 1403 1044 vel
1422 1001 1653 1046 inchoaret
1680 1004 1752 1046 vel
1773 1006 1922 1048 absol-

236 1089 386 1138 veret,
425 1084 663 1127 senectutis
693 1082 977 1126 imbecillitas
1019 1089 1096 1127 aut
1116 1098 1235 1128 mors
1263 1078 1364 1128 eum
1391 1086 1634 1142 probibuit.
1695 1087 1820 1131 Obiit
1841 1104 1921 1133 au-

154 1195 158 1199 >
238 1172 331 1212 tem
362 1168 539 1227 olymp.
569 1169 723 1213 CVIII.
761 1168 803 1211 1.
840 1182 881 1213 a.
910 1167 1011 1213 348.
1044 1183 1086 1221 a.v
1116 1170 1221 1214 Chr.
1250 1186 1295 1215 n.
1325 1162 1439 1231 anno
1466 1170 1621 1216 aetatis
1647 1175 1922 1232 octogesimo

233 1254 464 1312 νῶθ’)

361 1353 364 1355 ·
401 1341 460 1383 Et
477 1339 588 1384 haec
611 1339 789 1396 quidem
809 1342 933 1392 sunt,
960 1327 1073 1395 quiae
1092 1339 1146 1382 de
1170 1338 1264 1384 vita
1283 1341 1421 1384 divini
1447 1340 1704 1398 philosophi
1731 1344 1803 1386 vel
1827 1360 1924 1388 me-

236 1425 407 1470 moriae
423 1429 524 1468 sunt
543 1426 704 1470 tradita
723 1408 795 1469 vel
818 1439 870 1468 ex
901 1424 1076 1481 scriptis
1101 1424 1195 1467 eius
1222 1402 1383 1469 coniici
1408 1427 1698 1482 probabiliter
1723 1435 1921 1486 possunt.

239 1513 367 1567 Quae
389 1510 536 1554 omnia
557 1510 634 1566 qui
657 1524 745 1553 uno
775 1510 901 1565 quasi
936 1511 1092 1553 obtutu
1130 1510 1527 1565 consideraverint,
1569 1512 1605 1554 ii
1635 1518 1729 1556 tum
1757 1515 1810 1557 de
1835 1515 1922 1558 viri

235 1596 444 1653 ingenio,
502 1600 597 1638 tum
630 1596 685 1637 de
719 1594 814 1637 eius
849 1594 1131 1661 philosophia
1164 1599 1208 1638 et
1246 1596 1417 1651 scriptis
1451 1597 1614 1639 rectius
1647 1598 1922 1654 iudicabunt,

236 1694 374 1739 quam
404 1680 504 1723 fieri
542 1681 680 1737 vulgo
713 1681 837 1723 solet.
886 1658 1279 1736 'Quemad'modum
1318 1681 1436 1724 enim
1465 1696 1552 1724 non
1590 1682 1796 1727 audiendi
1820 1690 1923 1729 sunt

236 1767 315 1824 qui
336 1766 571 1810 Platonem
595 1765 795 1822 singulas
818 1765 1042 1808 doctrinae
1062 1779 1167 1807 suae
1182 1770 1327 1821 partes
1349 1780 1400 1808 ex
1425 1765 1614 1809 aliorum
1634 1768 1924 1826 philosopho-

234 1867 338 1896 rum
360 1850 536 1908 placitis
565 1850 862 1906 composuisse
888 1850 1165 1903 dictitarnnt,
1207 1849 1273 1893 ita
1297 1851 1431 1893 etiam
1459 1851 1744 1896 reiiciendam
1774 1870 1924 1897 cense-

235 1951 337 1981 mus
359 1933 614 1993 opinionem
643 1949 818 1988 eorum,
871 1934 947 1991 qui
977 1935 1108 1977 illum
1135 1935 1353 1978 finxerunt
1376 1935 1482 1978 solis
1513 1935 1624 1979 ideis
1653 1939 1779 1993 quasi
1802 1939 1924 1982 dedi-

237 2027 334 2067 tum
355 2022 516 2074 fuisse,
564 2022 620 2064 ab
651 2020 771 2063 omni
800 2034 951 2062 rerum
981 2020 1280 2064 humanarum
1311 2020 1597 2064 meditatione
1630 2026 1851 2081 remotum
1881 2027 1926 2067 et

236 2108 446 2154 alienum.
500 2104 679 2150 Etenim
701 2104 843 2148 omnis
866 2105 1064 2149 Platonis
1088 2105 1303 2162 sapientIa
1329 2106 1563 2162 paullatim
1592 2106 1718 2163 quasi
1738 2112 1841 2152 nata
1859 2113 1926 2153 est

237 2198 370 2251 atque
391 2196 488 2237 orta
513 2206 567 2235 ex
598 2190 754 2235 aetatis
770 2223 784 2245 ,
822 2204 913 2247 qua
942 2190 1145 2244 vivebat,
1181 2190 1416 2245 institutis,
1443 2191 1669 2245 moribus,
1709 2193 1926 2238 sentiendi

237 2280 487 2338 agendique
504 2276 693 2329 ratione,
719 2280 770 2318 ut
791 2275 887 2318 fieri
908 2289 996 2319 non
1017 2280 1176 2333 posset,
1194 2275 1300 2331 quin
1321 2262 1379 2319 ad
1400 2276 1554 2320 eadem
1583 2277 1719 2321 etiam
1737 2279 1926 2321 referre·-

237 2369 311 2410 tur
320 2390 340 2419 ‚·
370 2362 632 2421 praesertim
660 2375 798 2418 quum
828 2362 1057 2405 accederet
1096 2375 1284 2418 magnus
1320 2375 1473 2404 rerum
1506 2375 1612 2404 usus
1643 2366 1775 2418 atque
1803 2362 1925 2407 vitae

239 2449 436 2507 cognitio
468 2462 521 2491 ex
549 2447 783 2491 hominum
819 2446 1063 2490 multorum
1092 2445 1407 2490 consuetudine
1434 2449 1702 2508 comparata.
1771 2449 1924 2504 Quum

238 2540 387 2580 autem
402 2533 669 2577 indefessum
689 2531 889 2575 veritatis
909 2531 1105 2574 studium
1126 2531 1441 2587 philosophum
1463 2531 1734 2587 impulisset,
1774 2537 1825 2576 ut
1849 2548 1924 2578 su-

236 2620 465 2679 periorum
494 2618 860 2676 philosophorum
883 2616 1047 2672 placita
1078 2615 1387 2672 investigaret,
1426 2621 1735 2673 cognosceret,
1774 2619 1925 2676 explo-

235 2710 379 2760 raret,
407 2710 502 2748 tum
523 2703 695 2760 ingenii
713 2702 854 2745 virtus
875 2706 918 2744 et
943 2700 1212 2757 praestantia
1232 2701 1402 2755 effecit,
1439 2707 1490 2744 ut
1511 2716 1653 2758 neque
1677 2706 1845 2746 temere
1874 2704 1922 2747 in

236 2791 330 2836 illis
365 2788 688 2846 acquiesceret,
750 2792 796 2830 et
823 2786 1057 2843 paullatim
1086 2786 1143 2830 ad
1174 2801 1273 2830 eam
1303 2787 1583 2830 contenderet
1614 2787 1923 2845 philosophiae

236 2875 555 2920 sublimitatem
577 2878 708 2929 atque
735 2872 1020 2929 dignitatem,
1078 2886 1191 2927 quae
1216 2886 1303 2914 non
1331 2873 1476 2915 solum
1510 2872 1798 2929 aequalibus,
1844 2874 1922 2918 sed

237 2958 578 3017 etiam‘posteris
594 2957 755 3002 merito
778 2957 875 3001 visa
897 2962 962 3002 est
979 2972 1157 3014 prorsus
1180 2957 1422 3014 singularis
1445 2961 1490 3002 et
1504 2971 1643 3014 paene
1659 2957 1821 3004 divina.

237 3120 572 3144 β*

294 3229 333 3284 ⁸)
363 3228 412 3273 V.
442 3226 678 3282 Dilthey
706 3222 753 3268 in
787 3223 1001 3268 Examine
1029 3224 1360 3269 Platonicorum
1387 3224 1607 3269 librorum
1639 3222 1692 3266 de
1722 3223 1921 3281 Legibus

403 3299 447 3341 p.
473 3283 529 3326 10
546 3298 609 3338 sq.
640 3283 716 3339 qui
732 3283 819 3326 hoc
842 3283 1134 3339 probabiliter
1157 3283 1340 3341 collegit
1365 3297 1417 3328 ex
1438 3284 1538 3328 loco
1557 3281 1665 3326 libri
1680 3281 1730 3326 V.
1754 3297 1797 3339 p.
1817 3281 1918 3325 739.

290 3380 348 3436 ”J
378 3379 429 3424 V.
460 3380 679 3425 Coi-sin.
707 3382 739 3425 1.
765 3396 803 3427 c.
834 3396 875 3438 p.
897 3379 970 3428 87.
