2040 3646
292 177 395 237 126

943 169 1304 233 PLATONIS

295 314 478 371 καλῶν
507 306 771 386 σωμάτων
799 307 1056 391 ἐραστήν,
1100 308 1222 386 ἑνὸς
1242 313 1304 373 δὲ
1328 310 1392 374 τὸ
1429 311 1654 392 σφόδρα
1683 319 1849 376 τοῦτο
1863 341 1977 395 χα-

294 394 464 453 λάσαι
483 393 978 474 καταφρονήσαντα
1002 397 1096 455 καὶ
1119 393 1349 475 σιιικρὸν
1370 395 1731 479 ἡγησάμενον·
1764 399 1894 477 μετὰ
1916 404 1976 462 δὲ

293 483 468 537 ταῦτα
489 476 553 537 τὸ
579 479 635 537 ἐν
681 485 801 550 ταῖς
830 483 1036 557 ψυχαῖς
1069 481 1273 554 κάλλος
1306 481 1625 560 τιμιώτερον
1659 482 1979 564 ἡγήσασθαι

292 583 398 622 του
374 563 467 622 ἐν
476 568 553 646 τῷ
564 561 917 639 σώματαῶςτε
928 562 1134 638 καί,ἑαν
1145 563 1435 646 ἐςτιίεικὴςἭ
1391 589 1468 625 ων
1476 590 1581 646 την
1589 570 1780 649 ψυχην
1789 592 1871 642 τις
1883 571 1978 629 καὶ

185 653 212 692 ·”
225 647 275 711 ’Ὀ
299 645 445 726 [ἐὰν]
466 623 697 725 σμικρὸν
711 645 932 722 ανθος”
902 673 1010 726 amq,
1023 648 1260 728 ἐξαρκεῖν
1279 650 1431 709 αὐτῶ
1452 653 1544 709 καὶ
1559 652 1687 730 ἐρᾶν
1699 656 1792 712 καὶ
1812 653 1976 734 κήδε-

292 737 432 790 σθαι
479 733 572 791 καὶ
617 733 812 792 τίκτειν
856 732 1062 812 λόγους
1099 711 1404 808 τοιούτους
1406 737 1500 794 καὶ
1537 740 1740 816 ζητεῖν,
1784 741 1977 811 οῖτινες

291 815 599 897 ποιησουσι
619 819 870 894 βελτίους
888 816 1026 893 τους
1047 820 1228 895 νέους,
1267 820 1357 880 ἵνα
1387 818 1714 900 αναγκασθῇ
1736 823 1813 882 αὐ
1836 822 1975 884 θεά-

345 981 428 1027 ’καὶ
459 980 583 1041 [ἐὰν]
616 981 809 1043 σμικρὸν
836 979 1013 1041 ανθος]
1046 987 1175 1042 Quod
1200 983 1281 1031 ἐάν
1307 984 1540 1031 delendum
1557 988 1686 1032 nobis
1707 989 1897 1042 videtur,
1920 1003 1973 1033 ea

289 1044 509 1085 sententia
543 1042 660 1085 nihil
697 1043 834 1085 habet
866 1043 1132 1087 firmamenti
1169 1046 1226 1087 ab
1252 1045 1515 1088 auctoritate
1541 1046 1775 1091 librorum.

1832 1046 1972 1092 Pauci

287 1093 411 1143 καὶ”
391 1094 449 1142 οὶν
471 1112 543 1155 σμ.
572 1099 786 1155 scriptum
806 1099 1028 1145 exhibent.
1070 1102 1172 1147 Bas.
1199 1102 1242 1146 2.
1275 1100 1468 1160 σμικρὸν
1497 1098 1664 1160 bivang.

285 1249 448 1293 festum
474 1252 539 1292 est
560 1246 842 1306 ἐννοήσαντα
872 1252 1102 1308 καταστῆ-

285 1320 366 1350 ναι
385 1313 427 1349 et
442 1313 624 1359 ceteros,
654 1309 729 1363 qui
748 1314 1002 1364 sequuntur,
1030 1310 1101 1352 in-

284 1364 428 1407 finitiv
430 1379 477 1405 os
514 1378 664 1407 omnes
714 1380 803 1408 non
838 1368 1027 1422 pendere
1073 1381 1100 1410 a

286 1417 431 1475 πολλὴ
470 1415 635 1474 ἄνοια,
677 1423 753 1465 sed
789 1437 816 1465 a
849 1426 984 1466 verbo
1013 1425 1099 1477 δεῖ,

284 1477 555 1548 cogitatione
587 1480 836 1534 repetendo
889 1481 1099 1524 Ceterum

282 1533 338 1578 τὸ
382 1529 451 1578 ἐπ’
502 1536 614 1579 εἴδει
651 1536 790 1580 καλόν
829 1536 1099 1604 intelligitur

232 1626 248 1642 ,
283 1592 550 1659 pulcrum
589 1593 644 1634 in
689 1592 906 1649 specie,
946 1609 1015 1650 qu
1031 1595 1097 1637 od

285 1650 598 1704 opponitur
648 1665 681 1706 g
702 1665 726 1692 e
745 1665 773 1692 n
797 1664 822 1692 e
839 1665 863 1693 r
889 1651 935 1706 i,
975 1655 1097 1694 recte

282 1711 490 1748 monente
541 1707 635 1762 Wy
647 1684 992 1752 ttenbach'io
1037 1709 1094 1752 ad

283 1763 454 1834 Eunap.
487 1779 527 1819 p.
549 1762 648 1808 247.

340 1816 443 1868 ἑνὸς
466 1820 516 1863 δὲ
553 1817 607 1864 τὸ
632 1817 816 1879 σφόδρα
843 1822 984 1866 τοῦτο
1013 1838 1095 1878 χα-

282 1875 454 1932 λάσαι]
515 1878 573 1920 H.
614 1891 652 1922 e.
709 1880 1093 1923 vehementem

280 1935 448 1976 illam
489 1935 654 1976 unius
703 1937 970 1990 corporis
1000 1951 1093 1979 cu·-

281 1991 579 2047 piditatem
662 1993 960 2037 remittere
1035 1999 1093 2037 et

281 2048 449 2118 quasi
503 2049 788 2092 relaxare.
875 2050 990 2094 Nam
1036 2047 1090 2094 τὸ

280 2103 469 2175 σφόδρα
482 2105 620 2149 τοῦτο
641 2106 759 2148 idem
774 2108 968 2174 estquod
986 2108 1095 2152 τοῦ·

279 2177 334 2206 το
350 2159 402 2206 τὸ
424 2159 613 2229 σφόδρα
636 2160 746 2222 ἐρᾶν
769 2163 842 2206 vel
871 2159 955 2207 τὸν
977 2177 1092 2220 σφο-

281 2215 395 2288 δρὸν
418 2220 586 2264 τοῦτον
610 2217 779 2287 ἔρωταε
824 2221 940 2262 unde
962 2221 1094 2264 intel-

277 2277 438 2344 ligitur
460 2290 593 2320 causa
609 2277 797 2333 originis
820 2277 1058 2320 lectionis
1044 2293 1091 2322 ιιι

277 2334 432 2377 multis
444 2335 568 2377 codd.
583 2338 864 2379 conservatae
881 2332 964 2379 τὸν
974 2333 1092 2393 oqui-

280 2392 377 2460 δρα
393 2392 574 2435 τοῦτον.

338 2443 450 2499 ω’ςτε
477 2450 582 2501 καί,
613 2443 695 2493 ἐὰν
724 2443 927 2505 ἐπιεικὴς
956 2445 1020 2493 ὢν
1046 2466 1087 2494 τ.

277 2513 330 2573 ψ.
341 2509 361 2558 ]
406 2507 581 2548 Horum
616 2507 856 2558 verborum
891 2512 1091 2549 constru-

277 2559 367 2605 'ctio
387 2577 519 2618 quam
543 2564 671 2609 valde
689 2563 886 2615 laboret,
915 2563 1091 2608 etiamsi

275 2633 366 2663 non
380 2622 459 2662 obs
463 2620 712 2662 ervaverint
730 2594 1002 2675 interpretes,
1021 2626 1089 2663 ta-

276 2689 380 2719 men
401 2678 472 2718 vel
490 2677 703 2719 mediocri
722 2677 860 2719 animi
883 2676 1087 2720 attentio-

276 2746 334 2776 ne
355 2734 575 2775 neminem
595 2739 738 2789 potest
756 2734 908 2776 latere.
937 2735 1087 2788 Quum

274 2790 397 2832 enim
412 2805 522 2840 ωςτε
542 2790 624 2834 ’καί
646 2791 923 2833 referendum
950 2791 1007 2832 sit
1029 2791 1086 2833 ad

275 2843 486 2905 ἐξαρκεῖν
522 2845 679 2907 αὐτῷ,
727 2851 908 2903 apparet
930 2861 1085 2890 eorum

186 2907 189 2910 ⁴
272 2906 535 2956 verborum,
564 2892 676 2958 qu‘ae
708 2904 938 2947 interiecta
971 2909 1084 2958 sunt,

272 2961 492 3003 rationem
526 2959 609 3004 ἐάν
645 2961 714 3003 bis
741 2961 866 3003 illato
897 2961 1084 3003 mirifice

273 3017 540 3073 perturbari.
603 3018 756 3072 Neque
783 3023 928 3059 tamen
948 3018 1082 3074 longe

272 3074 491 3117 medicina
540 3076 725 3142 petenda
769 3079 847 3116 est
925 3075 1081 3117 Deleto

272 3132 392 3173 enim
415 3132 555 3173 altero
569 3128 651 3174 ἐάν
672 3130 819 3174 omnia
834 3134 950 3173 sarta
967 3135 1080 3175 tecta

271 3194 413 3231 erunt.
445 3189 557 3231 Nam
577 3189 640 3232 ita
654 3187 732 3232 καὶ
748 3186 939 3250 σμικρόν
961 3189 1080 3242 posi-

270 3249 386 3297 tum,
425 3253 473 3289 ut
506 3245 672 3287 Criton.
704 3259 740 3289 e.
763 3244 812 3286 V.
841 3251 950 3313 extr.
971 3245 1077 3288 εἴτι

1161 1265 1252 1295 non
1290 1252 1384 1296 sine
1420 1253 1559 1297 animi
1606 1253 1780 1297 laetitia
1829 1253 1972 1297 video.

1165 1311 1394 1353 Sententia
1435 1311 1576 1367 igitur
1615 1311 1729 1354 haee
1771 1314 1836 1353 est
1853 1328 1863 1353 :
1925 1309 1974 1353 si

1164 1367 1294 1421 quis
1333 1369 1512 1422 proba
1548 1368 1625 1411 sit
1662 1367 1847 1410 animi
1885 1368 1974 1410 in-

1163 1423 1289 1467 dole
1317 1429 1370 1466 ct
1397 1425 1491 1467 vel
1528 1424 1825 1468 tantillum
1855 1425 1973 1480 pul-

1163 1481 1319 1522 critu
1336 1480 1468 1523 dine
1530 1482 1788 1552 corporis
1855 1482 1973 1524 flo-

1161 1541 1297 1580 reat.
1344 1539 1550 1581 Ceterum
1573 1536 1722 1588 ἄνθος
1738 1539 1792 1580 de
1817 1552 1973 1594 corpo·

1160 1594 1222 1636 ris
1236 1595 1531 1650 pulcritudine
1543 1583 1711 1639 dicdum
1731 1595 1971 1650 frequentis

1161 1656 1227 1694 est
1243 1666 1361 1696 usus.
1390 1666 1437 1697 v.
1467 1654 1652 1696 Abres
1669 1653 1750 1695 ch.
1780 1653 1835 1694 ad
1868 1651 1971 1695 Ari-

1160 1712 1340 1752 staenet.
1363 1709 1399 1752 I.
1421 1723 1489 1766 ep.
1517 1710 1636 1752 XIX.
1668 1725 1711 1765 p.
1733 1708 1831 1752 494.
1862 1708 1967 1752 edit.

1156 1766 1301 1809 Boiss.

1213 1824 1264 1868 G.
1295 1821 1375 1866 καὶ
1410 1823 1579 1867 τίκτειν
1615 1821 1780 1878 λόγους
1814 1819 1971 1866 τοιού·

1157 1895 1267 1930 τους
1294 1879 1374 1923 καὶ
1403 1880 1581 1936 ζητεῖν]
1623 1881 1662 1922 Α
1677 1880 1791 1922 stiu
1805 1894 1824 1922 s
1845 1879 1966 1922 istud

1155 1937 1233 1980 καὶ
1258 1938 1404 1992 ζητεῖν
1427 1937 1565 1993 inepti
1592 1937 1871 1993 explicatoris
1891 1937 1969 1979 ad-

1157 1994 1445 2036 ditamentum
1456 2008 1550 2036 esse
1568 1999 1730 2036 censet.
1773 1993 1964 2036 Debuis-

1158 2065 1206 2094 se
1227 2051 1344 2093 enim
1374 2048 1607 2108 ἐκτρέφειν
1634 2051 1780 2106 potius
1803 2055 1878 2093 aut
1907 2050 1968 2092 si·-

1157 2108 1267 2150 mile
1298 2108 1478 2163 aliquod
1525 2109 1712 2150 verbum
1760 2107 1884 2159 addi,
1925 2106 1965 2149 si

1156 2165 1262 2220 quid
1286 2165 1531 2207 addendum
1553 2166 1710 2216 fuerit3
1738 2163 1854 2207 istud
1888 2165 1940 2220 ζη
1942 2188 1965 2197 -

1154 2225 1250 2266 τεῒν
1272 2227 1421 2264 autem
1441 2221 1548 2264 ferri
1561 2222 1685 2264 nullo
1709 2221 1841 2264 modo
1862 2235 1965 2277 pos-

1154 2293 1216 2323 se.
1274 2279 1359 2321 Cui
1395 2278 1636 2322 sententiae
1672 2278 1759 2321 viri
1799 2277 1963 2321 acutis-

1155 2335 1260 2378 simi
1298 2337 1441 2378 fateor
1488 2349 1560 2377 me
1609 2349 1697 2378 non
1738 2335 1958 2378 accedere.

1154 2392 1271 2437 Nam
1316 2393 1514 2436 Diotima
1565 2392 1652 2435 hoe
1707 2392 1836 2434 dicit·
1892 2394 1962 2435 ta-

1151 2450 1243 2492 lem
1273 2453 1514 2492 amatorem
1540 2463 1626 2491 non
1659 2449 1788 2491 modo
1816 2449 1962 2503 ipsum
2030 2453 2034 2456 ’

1153 2520 1310 2573 parere
1341 2507 1469 2561 quasi
1503 2511 1547 2548 et
1568 2520 1620 2548 ex
1645 2519 1692 2547 se
1714 2519 1961 2561 procreare,

1153 2564 1230 2607 sed
1252 2563 1389 2605 etiam
1404 2563 1581 2606 aliunde
1602 2575 1812 2616 quaerere
1828 2562 1904 2604 et·
1889 2577 1959 2605 m-

1152 2619 1372 2676 vestigare
1389 2618 1604 2661 eiusmodi
1626 2633 1847 2661 sermones
1851 2619 1958 2674 ‚qui

1151 2677 1328 2720 iuvenes
1339 2677 1521 2718 reddant
1534 2675 1752 2718 meliores
1783 2677 1958 2744 Quibus

1150 2733 1298 2777 verbis
1311 2733 1587 2799 significatur
1597 2733 1792 2776 maxima
1811 2732 1960 2775 homi-

1149 2790 1218 2832 nis
1238 2789 1456 2832 contentio
1470 2795 1515 2832 et
1532 2789 1725 2831 studium
1739 2821 1753 2843 ,
1792 2789 1870 2844 qui
1890 2790 1959 2833 al-
2031 2805 2038 2812 ’

1149 2847 1233 2889 teri
1254 2846 1458 2889 omnibus
1486 2846 1629 2889 modis
1653 2848 1857 2902 prodesse
1878 2860 1957 2888 cu-

1148 2904 1255 2959 piat.
1341 2903 1492 2958 Neque
1524 2903 1658 2946 etiam
1682 2903 1956 2959 probandam

1147 2961 1414 3002 arbitramur
1430 2961 1625 3002 eiusdem
1642 2960 1729 3003 viri
1749 2960 1867 3003 docti
1883 2973 1958 3002 ra-

1145 3017 1337 3069 tionem,
1367 3030 1500 3071 quam
1530 3016 1631 3060 iniit
1652 3018 1708 3059 ad
1738 3031 1811 3072 ea,
1841 3030 1954 3071 quae

1144 3073 1341 3129 proxime
1358 3079 1610 3128 sequuntur,
1629 3074 1704 3117 vel
1726 3074 1951 3129 corrigen-

1145 3130 1201 3173 da
1222 3130 1298 3172 vel
1329 3129 1606 3173 illustranda.
1672 3130 1803 3197 Quod
1832 3130 1950 3172 enim

1143 3187 1424 3231 scribendum
1453 3193 1601 3229 censet
1637 3186 1713 3231 ινα
1751 3182 1950 3242 ἀναγκα-

1143 3245 1273 3295 σθεὶς
1297 3237 1358 3287 αὖ
1391 3243 1716 3287 θεάσασθαι-
1744 3243 1951 3312 ξυγγενές

266 3301 346 3344 καὶ
366 3297 559 3370 σμικρὸν
579 3298 709 3369 ἡμῶν
732 3294 898 3356 ὄφελος
920 3301 1000 3357 ἠν,
1031 3306 1076 3344 et
1140 3299 1250 3354 ἐστι,
1278 3298 1330 3345 τὸ
1354 3299 1458 3359 περι
1478 3297 1531 3345 τὸ
1565 3301 1696 3355 σῶμα
1716 3297 1857 3345 καλὸν
1877 3312 1948 3355 σμ.

263 3359 479 3402 sexcentis
500 3360 600 3402 aliis
623 3358 894 3404 locis.1‹10m
915 3359 968 3399 de
987 3359 1075 3401 hoc
1138 3374 1178 3401 τ.
1202 3374 1241 3402 κ.
1256 3374 1295 3401 τ.
1308 3361 1362 3411 L,
1394 3372 1446 3401 ea
1466 3358 1681 3400 correctio
1700 3358 1832 3400 totius
1850 3371 1950 3398 sen-

176 3428 179 3433 ’
261 3413 363 3458 loeo
400 3430 540 3470 nuper
581 3416 731 3460 visum
775 3429 872 3457 esse
910 3416 949 3458 A
960 3430 980 3458 ε
992 3416 1034 3459 ti
1045 3429 1071 3460 o
1137 3415 1299 3458 tentiae
1310 3415 1523 3459 nationem
1536 3414 1768 3470 pervertit3
1786 3415 1948 3470 quippe
