2040 3646
313 157 384 219 14
959 158 1367 214 PRAEFA‘no

313 306 413 336 eam
440 292 560 345 fore,
591 289 768 347 qualem
799 291 1036 348 descripsi,
1067 293 1188 337 haud
1217 299 1340 337 certo
1368 295 1702 351 affirmaverim,
1740 304 1886 344 tamen
1914 300 2003 343 hoc

310 363 506 407 niaxima
546 363 873 407 asseveratione
913 363 1155 419 contendo,-
1207 380 1306 409 eam
1343 367 1537 410 futuram
1568 382 1663 410 esse
1691 370 1756 412 ilii
1793 371 2003 422 similem,

311 441 356 478 et
383 434 448 477 ita
475 448 696 490 quemque
723 436 818 478 fore
856 435 1191 490 beatissimum,
1237 443 1289 481 ut
1316 453 1363 480 se
1389 439 1583 481 maxime
1610 453 1639 484 a
1663 440 1872 484 vitiorum
1901 443 2004 485 labe

310 516 474 562 purum
511 510 772 561 castumque
807 507 1065 551 servaverit.
1126 507 1183 552 Et
1218 522 1300 551 vos
1339 509 1517 564 quidem
1556 525 1637 553 suo
1677 511 1862 567 quisque
1891 519 2004 556 tem-

307 591 416 633 pore
454 577 563 620 illuc
603 576 861 631 discedetis;
915 579 1028 622 mihi
1056 592 1164 621 vero
1202 591 1318 622 nunc
1349 581 1601 624 abeundum
1644 587 1724 625 est.
1783 583 2005 638 Quocirca

306 662 382 692 me
408 649 510 692 iam,
527 649 584 692 ad
612 648 839 692 lavacrum
869 656 1148 703 convertam,
1177 665 1233 693 ne
1259 657 1461 695 mortuus
1487 652 1590 695 aliis
1618 653 1801 709 negotia
1827 653 2002 696 faciam.

475 720 582 776 Cap.
611 720 750 768 Lxlv
775 745 832 753 -—
859 719 1035 766 LXVII.
1121 723 1240 765 Tum
1276 722 1422 775 Crito,
1479 723 1609 767 nobis
1654 739 1799 777 vero„
1843 723 2003 779 inquit,

304 805 333 835 o
374 791 604 845 Socrates,
661 791 767 848 quid
805 794 1016 849 mandas,
1076 798 1122 836 et
1160 794 1382 849 quomodo
1419 793 1487 837 vis
1523 799 1573 837 ιιι
1612 799 1658 838 te
1702 795 2001 852 sepeliamus?

304 863 740 920 Quomodocunque,
791 864 1042 920 respondit,
1090 864 1216 907 vobis
1256 864 1464 920 libuerit,
1511 861 1549 908 si
1578 866 1711 908 modo
1739 880 1812 908 me
1841 880 2006 923 capere

301 934 551 991 potueritis.
607 933 753 977 Simul
774 943 922 978 autem
953 936 1125 992 placido
1155 936 1380 991 hilarique
1406 933 1533 978 vultu
1562 952 1642 979 nos
1686 937 1888 990 intuens,
1936 936 2002 980 vi-'

302 1006 432 1058 deor,
472 1004 638 1060 inquit,
682 1004 852 1048 Critoni
881 1021 965 1049 non
998 1021 1125 1062 posse
1154 1008 1417 1063 persuadere
1454 1022 1527 1050 me
1556 1023 1640 1051 non
1670 1023 1767 1051 esse
1794 1009 2001 1061 eundem,

301 1091 436 1133 quem
461 1077 587 1120 brevi
615 1084 844 1120 mortuum
870 1074 1090 1122 videbitis.
1149 1078 1264 1122 Nam
1300 1079 1474 1122 animus
1512 1091 1640 1122 meus
1676 1079 1758 1122 ubi
1787 1080 2000 1122 discesse-

299 1148 361 1192 rit
389 1162 443 1191 ex
481 1148 568 1191 hoc
612 1160 822 1204 corpore,
871 1160 957 1191 non
989 1149 1179 1204 amplius
1209 1148 1437 1193 Socratem
1476 1150 1730 1204 habebitis,
1780 1151 1859 1194 sed
1902 1151 1999 1193 eius

299 1234 461 1276 corpus
491 1225 756 1265 emortuum.
814 1219 961 1277 Igitur
988 1220 1105 1263 bono
1145 1219 1294 1263 antimo
1324 1221 1409 1274 sis,
1459 1220 1523 1263 mi
1552 1219 1700 1274 Crito,
1747 1236 1891 1278 neque
1920 1222 1999 1264 do-

297 1291 417 1344 leas,
452 1305 614 1347 .quum
654 1287 818 1334 videris
859 1303 1018 1347 corpus
1057 1300 1208 1333 meum
1249 1292 1439 1336 cremari
1475 1292 1548 1335 vel
1591 1291 1794 1336 humari:
1854 1307 1997 1349 neque

298 1363 421 1405 enim
450 1364 655 1407 Socrates
683 1361 779 1419 ipse
808 1363 984 1419 peribit.
1044 1362 1215 1418 Corpus
1236 1367 1384 1406 autem
1412 1375 1563 1406 meum
1592 1363 1778 1420 sepelies
1807 1363 1898 1418 ita,
1947 1368 2000 1407 ut

296 1433 415 1477 tibi
451 1434 679 1490 placuerit.
739 1434 824 1477 His
865 1434 994 1477 dictis
1038 1433 1172 1486 abiit,
1225 1442 1275 1477 ut
1302 1435 1481 1478 lavacro
1520 1438 1732 1478 uteretur.
1790 1436 1881 1479 Nos
1915 1450 1996 1479 au-

297 1509 387 1548 tem
417 1505 588 1549 interea
615 1501 747 1548 modo
779 1506 832 1547 de
859 1504 939 1561 iis,
971 1518 1083 1562 quae
1112 1505 1416 1559 disseruisset,
1458 1506 1574 1549 inter
1601 1521 1681 1549 nos
1709 1507 1995 1562 colloqueba-

295 1591 425 1631 mur,
455 1577 587 1620 modo
616 1577 916 1620 calamitatem
945 1583 1138 1620 nostram
1168 1577 1536 1633 deplorabamus‚
1571 1574 1692 1620 hand
1718 1592 1843 1620 secus
1872 1591 1923 1621 ac
1954 1577 1994 1621 si

294 1655 422 1706 patre
453 1651 730 1693 orbaremur.
789 1648 977 1691 Peracto
1016 1649 1192 1691 lavacro
1231 1644 1316 1690 filii
1344 1656 1446 1690 cum
1474 1648 1741 1691 mulieribus
1781 1649 1994 1691 domesti-

293 1721 443 1764 cis‘ad
472 1735 574 1764 cum
613 1719 904 1763 adducuntur.
965 1719 1141 1774 Quibus
1180 1730 1317 1773 quum
1352 1720 1511 1762 ultima
1547 1720 1754 1763 mandata
1785 1720 1992 1774 dedisset,

292 1793 349 1836 ad
378 1807 458 1837 nos
502 1806 706 1835 reversus
747 1795 828 1834 est.
887 1790 1007 1832 Tum
1046 1789 1250 1832 minister
1287 1784 1687 1833 undecimvirorum
1725 1790 1991 1848 ingreditur,

291 1864 370 1919 qui
398 1864 452 1907 ad
482 1878 586 1906 eum
615 1863 858 1916 accedens,
890 1861 1079 1914 invitus,
1110 1861 1278 1917 inquit,
1317 1874 1418 1904 meo
1447 1875 1564 1918 nunc
1590 1863 1754 1919 fungor
1781 1871 1991 1921 muneree

290 1949 546 1991 quanquam
586 1939 630 1977 te
659 1948 762 1976 eum
800 1945 895 1975 esse
924 1932 1137 1989 cognovi,
1185 1932 1260 1988 qui
1291 1930 1405 1975 milii
1446 1947 1533 1974 non
1561 1933 1876 1978 maledicturus
1903 1934 1995 1989 εἰεί

289 2006 408 2062 quod
437 2007 582 2049 facere
607 2007 750 2048 solent
777 2005 837 2058 ii,
883 2005 1046 2060 quibus
1084 2012 1273 2046 mortem
1303 2004 1530 2048 annuntio.
1589 2005 1703 2048 Nam
1741 2013 1794 2047 ex
1822 2020 1910 2061 quo
1940 2005 1986 2048 in

289 2091 468 2120 carcere
495 2083 694 2122 versatus
723 2091 795 2129 es,
846 2087 1019 2131 semper
1047 2082 1090 2118 te
1121 2075 1310 2132 cognovi
1339 2072 1607 2118 essex-irum
1634 2077 1801 2118 bonum
1829 2082 1873 2118 et
1901 2077 1987 2119 lm·

287 2162 484 2192 manum.
546 2150 698 2204 Quare
734 2149 837 2191 vale
874 2154 918 2190 et
946 2148 1049 2190 sorti
1092 2147 1239 2191 animo
1271 2147 1415 2203 perfer
1442 2153 1720 2203 praesentem
1749 2146 1985 2192 necessita-

287 2224 394 2264 tem.
452 2221 510 2263 Et
537 2225 587 2263 tu
617 2233 792 2275 quoque
820 2217 951 2270 vale,
982 2218 1205 2274 respondit
1236 2213 1461 2271 Socrates,
1503 2213 1761 2274 praedicans
1789 2217 1983 2263 hominis

287 2290 613 2335 humanitatem
643 2297 687 2333 ct
717 2288 1081 2332 misericordium,
1143 2289 1312 2332 Deinde
1352 2297 1501 2332 aulem
1543 2283 1753 2345 poculum
1789 2288 1877 2333 sibi
1915 2290 1983 2332 ar·

285 2361 393 2405 ferri
422 2362 564 2406 iussit.
625 2362 747 2405 Tum
772 2360 920 2403 crito:
960 2360 1166 2403 Nondum
1196 2361 1262 2402 sol
1291 2361 1474 2413 occidit,
1524 2375 1551 2402 o
1581 2362 1788 2403 Socrate:
1832 2371 1886 2402 en
1911 2360 1981 2402 lu-

285 2446 385 2475 cem
414 2433 460 2476 in
489 2433 710 2476 montium
739 2432 980 2476 verticibus
1010 2433 1155 2474 adhuc
1184 2432 1455 2488 fulgentem!
1514 2430 1611 2474 Nou
1641 2432 1708 2472 est
1736 2430 1851 2485 quod
1883 2436 1978 2473 tun-

284 2507 440 2559 topere
469 2503 648 2548 festines
689 2510 734 2546 ct
763 2510 890 2546 tuum
919 2517 947 2546 a
975 2503 1103 2546 uobis
1131 2502 1373 2544 discessum
1400 2507 1608 2544 mannes.
1665 2500 1722 2545 At
1761 2508 1866 2544 vero
1896 2501 1980 2549 So-

283 2581 454 2628 crates,
516 2575 746 2631 equidem,
791 2569 958 2630 inquit,
1008 2572 1210 2631 longiore
1249 2586 1376 2616 mora
1412 2572 1527 2615 nihil
1555 2572 1805 2615 lucraturus
1834 2585 1977 2616 essem

283 2641 370 2688 nisi
397 2641 508 2699 hoc,
558 2651 607 2689 ut
646 2645 761 2689 mibi
799 2640 883 2702 ipsi
912 2644 1087 2688 viderer
1114 2645 1363 2687 inconstans
1392 2656 1487 2686 esse
1515 2640 1712 2697 adeoque
1746 2642 1975 2688 ridiculus.

282 2715 440 2772 Itaque
467 2717 582 2760 mihi
609 2727 781 2761 morem
810 2727 943 2774 geras
961 2749 974 2770 ‚
1005 2730 1190 2771 quaeso,
1221 2724 1361 2770 neque
1389 2715 1518 2757 aliter
1538 2713 1691 2758 facias.
1751 2715 1977 2770 Quocirca

282 2785 408 2830 Crito
453 2788 618 2832 arcessi
661 2784 790 2832 iussit
827 2787 1019 2831 carceris
1059 2786 1338 2838 ministrum,
1390 2780 1466 2841 qui
1517 2785 1729 2841 poculum
1775 2784 1971 2831 afferret.

282 2858 431 2915 Quem
459 2856 638 2915 quidem
666 2859 892 2902 hominem
922 2856 1095 2901 intuens
1125 2857 1353 2909 Socrates,
1407 2866 1522 2913 age,
1560 2854 1743 2912 inquit,
1783 2866 1810 2899 u
1839 2858 1970 2914 hone,

279 2924 389 2984 quid
416 2929 564 2972 facere
590 2942 663 2973 me
697 2926 788 2973 iam
817 2935 1013 2986 oportet:
1043 2936 1090 2972 tu
1119 2927 1238 2971 enim
1266 2924 1396 2971 nosti⁶
1457 2929 1609 2983 Quum
1635 2927 1863 2982 hauseris,
1903 2926 1972 2971 in·
2039 2975 2040 2989 3

279 2998 378 3055 quit
404 2998 506 3057 ine,
536 2998 870 3053 obambulabis‚
911 3001 1016 3043 dum
1045 3014 1194 3057 genua
1221 2997 1400 3055 gravari
1428 2998 1622 3041 sentiasz
1665 3005 1764 3042 tum
1790 3011 1895 3042 vero
1922 2999 1970 3044 in

277 3068 396 3113 lecto
425 3074 671 3117 recumbes.
731 3072 816 3115 llis
855 3072 983 3115 dictis
1021 3071 1063 3113 ei
1104 3066 1311 3126 poculum
1351 3065 1557 3125 porrexit.
1618 3064 1751 3126 Quod
1789 3070 1970 3126 quidem

276 3138 483 3185 Socrates
511 3141 575 3186 ita
601 3142 794 3199 accepit,
821 3143 937 3185 nihil
965 3148 1013 3185 ut
1043 3146 1250 3185 tremeret
1278 3146 1357 3184 aut
1384 3141 1556 3183 vultum
1585 3144 1790 3184 mutaret.
1846 3135 1968 3197 Quid

273 3212 461 3255 nutem?
495 3211 581 3267 ait,
618 3214 777 3257 licetne
805 3209 888 3256 diis
918 3210 1244 3256 immortalibus
1272 3207 1326 3254 de
1353 3211 1442 3253 hoc
1470 3211 1631 3267 poculo
1660 3211 1824 3253 offerre
1850 3207 1967 3254 liha-

271 3279 474 3326 tionem?
530 3282 636 3328 Noli
672 3281 759 3329 hoc
786 3286 958 3337 facere,
1015 3283 1218 3326 minister
1245 3279 1493 3340 respondit3
1546 3291 1690 3337 neque
1715 3277 1834 3324 enim
1865 3282 1967 3337 plus

268 3350 442 3398 cicutae
478 3365 686 3411 paramus
699 3382 714 3410 ‚
757 3363 892 3412 quam
929 3362 1142 3411 quantum
1182 3352 1289 3399 satis
1326 3369 1423 3399 esse
1458 3353 1650 3408 videtur,
1720 3347 1842 3397 'rum
1870 3349 1965 3405 ule,
