2040 3646
288 171 370 216 XX

293 310 564 356 abfaliorum
587 309 851 365 populorum
882 307 1085 365 legibus,
1122 309 1347 363 moribus,
1386 311 1596 356 institutis
1613 314 1805 357 multum
1828 313 1979 358 differ-

291 402 418 451 rent,
447 395 630 453 cognitu
661 398 707 437 et
731 393 924 437 iucunda
948 399 1093 438 essent
1121 400 1165 438 et
1194 396 1338 439 utilia.
1396 397 1548 453 Neque
1585 399 1741 442 refellit
1773 414 1876 443 eum
1904 415 1980 443 cx·-

290 481 517 541 spectatio.
574 480 842 535 Quanquam
863 479 983 522 enim
1014 480 1070 523 ad
1095 480 1320 524 doctrinae
1345 482 1561 526 rationem
1593 485 1912 529 emendandam
1935 489 1981 529 et

290 564 648 623 amplificandam
674 561 790 607 nihil
810 565 978 607 fructus
1002 579 1055 607 ex
1073 566 1276 623 Aegypto
1309 569 1576 624 reportavit,
1604 574 1749 612 tamen
1770 575 1891 614 tanta
1915 569 1980 613 ibi

289 653 530 696 instructus
572 654 640 694 est
665 661 815 694 rerum
846 650 1186 694 utilissimarum
1225 652 1503 708 cognitione,
1561 660 1612 698 ut
1647 655 1782 698 huius
1808 654 1980 698 itineris

289 753 378 782 non
421 736 517 781 sine
545 734 736 780 iucunda
767 735 1073 780 recordatione
1108 737 1382 780 mentionem
1405 739 1551 782 faciat.
1611 741 1668 783 Et
1695 741 1980 796 ‚profecturu-

291 827 387 868 erat
405 818 528 866 haud
549 816 684 865 dubie
710 819 845 865 etiam
872 821 919 864 in
948 817 1156 879 regiones
1185 822 1423 876 Asiaticas,
1462 839 1574 880 quae
1608 826 1829 870 florebant
1857 825 1981 868 simi-

288 910 402 953 lium
426 904 728 952 institutorum
747 907 913 962 fama')
930 939 943 959 ‚
999 907 1087 950 nisi
1123 922 1227 950 eum
1250 909 1580 964 prohibuissent
1610 912 1825 954 tumultus
1853 910 1979 965 belli,

288 996 406 1052 quod
428 1009 481 1038 eo
503 997 701 1050 tempore
720 994 980 1036 Artaxerxes
1007 993 1215 1036 adversus
1234 994 1476 1051 Aegyptios
1499 997 1766 1052 parabat”).
1822 996 1979 1051 Itaque

290 1080 467 1133 circiter
501 1079 680 1137 Olymp.
700 1078 896 1121 XCVIII.
930 1078 972 1120 1.
1000 1078 1046 1120 h.
1072 1090 1111 1121 e.
1136 1080 1288 1122 decem
1309 1081 1433 1124 annis
1455 1086 1553 1136 post
1577 1096 1709 1137 quam
1743 1082 1798 1124 ad
1828 1080 1981 1123 Eucli-

290 1168 390 1210 dem
411 1167 723 1223 Megarensem
749 1176 795 1207 se
821 1163 1088 1220 contulerat,
1118 1164 1276 1207 relicta
1296 1165 1446 1209 Africa
1467 1166 1512 1208 in
1533 1168 1757 1224 Europam
1776 1180 1979 1208 reversus

290 1255 357 1296 est
375 1258 507 1307 atque
528 1251 691 1294 iterum
712 1249 759 1291 in
778 1248 956 1292 Italiam
972 1253 1015 1292 et
1039 1254 1190 1305 postea
1213 1250 1255 1292 in
1278 1250 1483 1294 Siciliam
1511 1252 1705 1295 insulam
1737 1251 1977 1308 naviffwit.

290 1338 421 1394 Quod
439 1351 526 1393 quo
553 1335 708 1378 feeerit
727 1334 911 1377 consilio
945 1334 1163 1390 quibusve
1193 1335 1336 1378 causis
1364 1342 1614 1392 permotus,
1657 1350 1745 1380 non
1774 1338 1978 1392 explora-

289 1428 386 1468 tum
424 1419 643 1465 habemus
655 1421 746 1476 m).
802 1420 986 1463 Videtur
1014 1425 1163 1463 autem
1195 1425 1429 1476 ,propterea
1458 1421 1567 1465 illuc
1610 1423 1829 1479 profectus
1867 1436 1979 1474 esse,

289 1496 594 1566 quod‘Siculis
619 1507 776 1548 crebra
798 1510 924 1549 erant
945 1504 1212 1551 commercia
1241 1519 1344 1549 cum
1374 1508 1716 1551 Atheniensibus
1739 1521 1979 1563 eorumque

287 1596 413 1652 leges
442 1597 487 1637 et
519 1592 721 1636 instituta
750 1605 917 1648 magna
945 1592 1165 1635 florebant
1199 1587 1344 1635 laude.
1403 1593 1531 1636 Venit
1556 1594 1696 1651 igitur
1717 1593 1977 1650 Syracusas,

287 1679 615 1725 nobilissimam
666 1677 840 1721 insulae
878 1676 1117 1720 civitatem.
1189 1678 1337 1720 Huius
1374 1683 1477 1721 tunc
1526 1679 1763 1736 imperium
1799 1680 1979 1722 tenebat

220 1759 223 1763 ’
286 1760 553 1823 Dionysius,
590 1758 736 1806 maior
766 1767 900 1816 natu,
943 1762 1020 1818 qui
1041 1768 1085 1805 et
1110 1759 1292 1819 ingenio
1320 1764 1517 1819 pollebat
1546 1770 1588 1809 et
1623 1763 1805 1808 Graecis
1831 1763 1976 1807 literis

287 1852 606 1895 delectabatur.
662 1850 879 1904 Exceptus
901 1853 1049 1890 autem
1084 1853 1150 1890 est
1169 1847 1363 1903 hospitio
1392 1863 1420 1892 a
1443 1849 1627 1904 Dione,
1651 1861 1851 1894 summac
1877 1849 1975 1893 viro

287 1934 575 1982 auctoritatis.
634 1934 724 1990 Qui
741 1948 842 1976 eum
870 1944 957 1976 non
989 1934 1134 1977 solum
1155 1934 1350 1976 studiose
1372 1935 1540 1979 audivit
1563 1937 1617 1979 de
1646 1940 1806 1979 natura
1836 1941 1879 1980 et
1902 1949 1976 1977 rc-

284 2025 370 2068 bus
387 2021 578 2080 publicis
599 2013 911 2071 disserentem,
940 2020 1015 2077 sed
1031 2018 1165 2062 etiam
1184 2016 1230 2062 in
1254 2020 1458 2063 notitiam
1478 2017 1654 2077 tyranni
1670 2020 1974 2072 adducendum

284 2107 471 2167 putavit.
525 2107 583 2150 Et
599 2105 726 2148 initio
750 2104 929 2161 quidem
950 2104 1085 2148 etiam
1107 2101 1163 2148 ab
1188 2103 1276 2147 hoc
1301 2102 1539 2148 admodum
1570 2103 1814 2150 honorifice
1844 2105 1976 2149 habi-

283 2199 354 2238 tas
375 2198 464 2246 est3
492 2201 596 2235 mox
620 2195 766 2235 autem
782 2221 795 2244 ,
835 2189 940 2247 quia
970 2189 1148 2248 tyranni
1178 2187 1412 2247 ingenium
1439 2193 1555 2235 serre
1582 2207 1671 2237 uon
1700 2197 1876 2249 poterat
1902 2205 1974 2236 sa·-

292 2331 629 2354 W

342 2442 380 2496 ')
409 2437 599 2485 Narrant
618 2438 874 2480 Lactant.
904 2430 1115 2481 Institutt.
1140 2430 1269 2480 Divv.
1290 2432 1364 2480 IV.
1387 2438 1428 2481 2.
1458 2431 1759 2495 Augustin.
1789 2437 1844 2480 de
1871 2438 1968 2482 Civ.

452 2495 539 2540 Dei
573 2496 686 2537 vlll.
721 2495 790 2537 11.
835 2495 915 2540 xl.
948 2494 1017 2537 21.
1072 2494 1333 2537 Clemens
1362 2495 1666 2537 Alexandr.
1695 2496 1879 2539 Admon.
1911 2497 1967 2538 ad

454 2555 582 2596 Gent.
604 2568 646 2607 p.
670 2551 738 2594 46.
767 2552 816 2595 Α.
847 2564 950 2593 eum
974 2545 1106 2593 etiam
1128 2553 1184 2594 ad
1203 2552 1362 2608 Magos
1382 2557 1425 2594 et
1447 2553 1604 2594 Persas
1629 2559 1831 2608 penetras
1834 2567 1894 2604 se,
1924 2558 1969 2595 et

449 2609 542 2654 Iud
535 2618 715 2652 aeorum
739 2608 850 2650 ritus
869 2615 913 2651 et
936 2618 1058 2650 sacra
1080 2609 1354 2665 cognovisse.
1412 2609 1632 2652 Nimirum
1654 2609 1761 2653 satis
1785 2616 1970 2662 constat,

452 2683 538 2724 quo
568 2667 711 2710 studio
739 2665 976 2722 scriptores
1011 2665 1252 2708 Christiani
1282 2665 1618 2718 elaboraverint,
1652 2673 1700 2708 ut
1731 2668 1966 2710 Platonem

447 2726 660 2768 ludat-um
678 2724 897 2775 facerent,
939 2722 1136 2777 adeoque
1163 2717 1488 2776 Christianum,
1531 2730 1581 2766 ut
1613 2724 1686 2766 cui
1720 2722 1967 2766 doctrinam

451 2783 505 2824 de
527 2779 720 2824 trinitate
741 2780 1017 2822 tribuendam
1041 2780 1246 2834 putarint.
1305 2782 1338 2821 V
1341 2795 1465 2822 erum
1504 2781 1550 2822 in
1570 2780 1743 2836 scriptis
1768 2781 1966 2823 Platonis

449 2852 504 2883 ne
521 2836 794 2881 levissimum
817 2838 992 2892 quidem
1011 2836 1220 2879 Iudaismi
1243 2837 1483 2893 vestigium
1509 2836 1822 2893 deprehendas.
1878 2838 1968 2881 Ne-

445 2909 531 2952 que
560 2895 639 2938 illc
659 2896 896 2951 Magorum
924 2901 966 2936 et
989 2895 1225 2936 Persarum
1254 2895 1319 2937 ita
1346 2893 1452 2937 facit
1478 2894 1775 2948 mentionem,
1817 2897 1868 2937 ut
1891 2909 1967 2937 eo-

444 2968 546 2995 rum
571 2926 772 2996 instituta
792 2964 838 2993 se
858 2949 1021 2993 vidisse
1046 2950 1280 3008 significet.

335 3052 468 3108 ”.)V
498 3049 578 3107 Ap
586 3044 720 3093 ulei.
750 3048 842 3093 l..c
873 3050 1034 3106 mog.
1063 3044 1113 3092 I.
1136 3047 1218 3092 111.
1243 3049 1287 3094 6.
1329 3047 1656 3093 Athenaeus
1685 3040 1984 3105 x1.p.5o·1.

448 3109 551 3151 coll.
551 3067 1047 3151 P.Tennemannol
1077 3122 1116 3149 c.
1150 3122 1193 3163 p.
1222 3106 1291 3149 40

335 3207 413 3262 “)
444 3202 572 3260 Quod
604 3204 808 3248 Cicero
837 3208 988 3249 narrat
1022 3206 1075 3248 de
1100 3195 1200 3248 Fin.
1229 3205 1278 3248 V.
1295 3201 1365 3247 29.
1422 3200 1653 3247 Platonem
1679 3215 1733 3245 ex
1760 3202 1963 3259 Aegypto

447 3276 673 3305 reversum
702 3263 948 3305 Tarentum
980 3263 1082 3305 navi
1169 3276 1240 3312 se,
1260 3289 1262 3292 v
1299 3270 1403 3303 cum
1434 3276 1513 3313 ea,
1564 3271 1696 3317 quam
1725 3261 1965 3328 sequimur,

446 3319 697 3361 narratione
719 3315 846 3362 facile
879 3319 1109 3362 conciliari
1137 3323 1294 3376 potent
1351 3315 1565 3363 lidelieet
1599 3319 1742 3360 denuo
1774 3314 1851 3358 ille
1872 3316 1964 3358 Ta-

443 3384 616 3419 rentum
642 3376 686 3418 in
719 3376 862 3419 reditu
883 3377 1096 3432 pervenit.

2037 3362 2040 3374 A

2037 3396 2040 3420 1
