2040 3646
245 176 434 225 xxm!

239 320 410 377 aliique
438 314 728 376 Pythagorei,
754 329 908 374 regem
928 316 984 362 ad
1007 317 1173 363 bonam
1196 319 1372 375 frugem
1392 317 1577 364 rediIsse
1598 320 1919 372 confirmarent,

239 406 416 450 tandem
438 417 516 460 spe
532 415 683 445 rerum
702 401 938 446 meliorum
960 403 1108 446 animo
1134 409 1343 460 concepta
1374 404 1552 448 tertium
1577 406 1660 448 iter
1677 405 1918 463 Syracusas

237 490 461 546 suscipere
494 487 747 531 coustituit.»
791 487 947 543 Itaque
966 488 1195 545 navigavit
1218 488 1266 531 iu
1298 489 1498 534 Siciliam
1526 490 1700 548 Olymp.
1730 489 1837 532 Clv.
1870 487 1914 531 4.

236 589 278 620 a.
298 574 396 617 361.
425 587 464 617 a.
487 573 592 616 Chr.
624 587 667 619 n.
700 586 814 615 anno
848 573 1007 616 aetatis
1039 574 1312 630 sexagesimo
1335 589 1464 618 nono.
1522 574 1609 618 Sed
1639 574 1770 618 etiam
1799 587 1917 616 nuuc

234 674 333 716 opes
354 659 400 701 in
418 657 598 701 irritum
619 657 794 702 cecidit.
850 658 966 702 Nam
998 663 1210 716 tyrannus
1234 673 1376 715 neque
1395 659 1586 703 Dionem
1615 658 1840 702 revocavit
1867 657 1915 700 in

232 742 420 801 patriam
435 775 447 796 ‚
475 749 520 786 et
543 742 739 800 grassari
769 742 891 786 omni
914 744 1085 787 scelere.
1111 745 1267 801 eoepit.
1324 746 1556 788 Platonem
1588 760 1693 788 vero
1722 744 1914 786 reditum

229 828 279 872 in
302 828 492 885 patriam
508 832 736 884 parantem
754 842 841 870 non
860 828 1004 870 solum
1026 831 1082 873 ab
1101 830 1258 874 itinere
1282 830 1484 874 omnibus
1499 830 1641 874 modis
1668 827 1914 886 prohibuit,

230 914 308 958 sed
326 914 476 958 *etiam
502 912 680 956 vexavit
720 912 1046 967 crudelissime,
1101 921 1152 958 ut
1185 916 1387 959 omnibus
1417 919 1646 973 appareret
1673 929 1761 958 nou
1781 926 1912 968 posse

229 1000 359 1045 coire
379 998 622 1044 amicitiam
647 997 764 1041 iuter
782 997 1070 1055 philosophos
1102 1003 1233 1056 atque
1256 1007 1479 1059 tyrannos.
1535 1001 1687 1056 Neque
1715 999 1910 1055 profecto

226 1085 521 1143 philosophus
542 1085 692 1133 salvus
721 1087 818 1127 erat
836 1098 1071 1138 evasurus,
1108 1085 1196 1129 nisi
1213 1087 1429 1143 Archytas
1449 1086 1640 1129 misisset
1659 1083 1912 1129 Lamiscum

223 1172 429 1229 legatum
443 1203 461 1227 ,
486 1170 565 1227 qui
591 1169 832 1212 commovit
853 1168 1142 1226 Dionysium,
1180 1174 1230 1213 ut
1251 1171 1382 1214 illum
1400 1186 1488 1214 non
1509 1171 1604 1214 sine
1622 1184 1806 1213 munere
1838 1169 1911 1212 di·-

223 1257 436 1300 mittere&
465 1257 560 1309 ,Ita
580 1256 746 1299 factum
768 1258 858 1308 est,
898 1258 949 1298 ut
975 1255 1105 1298 Plato
1137 1269 1252 1299 anno
1283 1257 1505 1313 proximo,
1546 1255 1624 1313 qui
1656 1261 1722 1299 est
1745 1255 1844 1299 36⁰.
1867 1269 1909 1299 a.

216 1337 330 1395 ‘Dim
349 1356 393 1386 u.
407 1374 421 1396 ‚
449 1355 478 1385 a
501 1340 695 1384 maximo
719 1339 918 1397 periculo
939 1341 1181 1394 liberatus,
1211 1341 1259 1384 in
1282 1342 1472 1398 patriam
1492 1341 1657 1385 rediret
1677 1343 1733 1398 Ἴ.

286 1447 290 1451 ⁴
319 1449 323 1455 ·
390 1425 772 1484 septuagenarius
786 1427 931 1489 factus
952 1440 1038 1468 non
1069 1426 1189 1483 turpi
1210 1427 1437 1471 consenuit
1463 1428 1577 1482 otio,
1615 1426 1692 1470 sed
1713 1427 1907 1471 docendo

218 1517 269 1560 et
282 1504 515 1558 scribendo
548 1510 741 1554 excitare
765 1510 960 1568 perrexit
987 1511 1227 1568 sapientiae
1263 1513 1420 1556 studia.
1481 1513 1601 1570 Quid
1631 1515 1747 1570 quod
1772 1515 1907 1558 etiam

217 1599 481 1658 perhibetur
497 1595 761 1655 Cyrenaeis‚
787 1595 1058 1651 Arcadibus,
1086 1596 1341 1652 Thebanis,
1372 1599 1672 1656 Cretensibus,
1700 1601 1801 1644 aliis
1828 1615 1908 1657 po-

215 1685 357 1743 pulis,
383 1684 433 1727 in
451 1681 643 1727 ferendis
661 1682 842 1737 legibus
861 1686 999 1738 ⁴atque
1026 1683 1161 1725 rebus
1183 1682 1375 1738 publicis
1406 1684 1687 1728 emendandis
1709 1685 1811 1730 inde
1846 1688 1904 1730 ab

213 1771 302 1815 hoc
317 1776 516 1826 tempore
532 1766 718 1811 consilio
742 1781 822 1810 suo
836 1767 1051 1811 affuisse?
1065 1770 1125 1826 **)
1165 1769 1345 1812 Etenim
1366 1769 1443 1825 qui
1461 1774 1552 1813 tam
1569 1771 1811 1815 multorum
1824 1786 1905 1829 po-

214 1856 437 1914 pulorum'
453 1863 628 1906 mores,
661 1852 816 1919 leges,
857 1852 1059 1896 instituta
1093 1859 1385 1910 cognoverat,
1434 1854 1473 1897 is
1505 1860 1784 1911 nonpoterat
1813 1872 1901 1900 non

212 1941 356 1987 videri
375 1939 576 1984 omnium
603 1938 773 1995 optime
801 1937 998 1981 iudicare
1023 1953 1176 1996 posse,
1227 1939 1333 1995 quid
1361 1940 1418 1983 ad
1446 1939 1674 1996 civitatum
1706 1942 1904 1999 singula-

211 2031 316 2072 rum
333 2027 538 2069 'salutem
572 2023 754 2066 valeret.
813 2025 1079 2079 Quanquam
1115 2038 1228 2080 quae
1265 2025 1320 2067 de
1345 2024 1417 2067 his
1455 2026 1594 2068 rebus
1625 2039 1653 2069 a
1680 2027 1902 2071 veteribus

210 2110 503 2169 scriptoribus
524 2108 689 2151 tradita
705 2111 826 2160 sunt,
867 2121 920 2150 ea
945 2122 1034 2150 nou
1061 2112 1228 2151 temere
1252 2123 1330 2166 pro
1354 2110 1473 2152 veris
1505 2111 1710 2155 habenda
1734 2111 1903 2157 iudica-

210 2211 326 2243 mus.
380 2194 556 2238 Vellem
587 2207 693 2237 vero
724 2191 893 2248 aliquid
923 2190 1199 2250 exploratum
1228 2195 1495 2238 haberemus
1531 2196 1586 2239 de
1609 2197 1779 2240 ratione
1808 2203 1901 2242 stu-

209 2283 410 2339 diorum,
440 2293 576 2338 quam
594 2278 676 2322 illo
695 2283 895 2334 tempore
915 2277 1207 2335 philosophus
1227 2279 1430 2323 tenuerit.
1487 2281 1556 2324 Ita
1585 2282 1704 2327 enim
1737 2283 1899 2328 certius

209 2367 265 2412 de
282 2365 417 2411 libris
440 2365 536 2408 eius
560 2367 708 2420 posset
723 2362 831 2406 ferri
845 2361 1096 2417 iudicium,
1155 2364 1492 2421 accuratiusque
1517 2366 1690 2409 definiri
1711 2371 1898 2425 tempus,

208 2467 300 2511 quo
320 2449 476 2511 scripti
493 2451 609 2496 suut.
665 2447 793 2497 Nunc
817 2447 905 2492 hoc
940 2450 1113 2491 tantum
1144 2449 1419 2507 accepimus,
1460 2465 1562 2493 eum
1591 2465 1679 2494 uno
1699 2457 1744 2496 et
1775 2458 1898 2497 octo-

208 2537 383 2597 gesimo
408 2548 524 2579 anno
557 2532 822 2577 scribentem
848 2531 1013 2579 obiisse
1044 2533 1240 2590 adeoque
1268 2534 1315 2577 in
1343 2535 1508 2578 tabulis
1542 2535 1633 2579 suis
1662 2538 1898 2594 reliquisse

206 2612 389 2668 initium
403 2618 600 2664 Politiae
617 2616 771 2662 multis
795 2617 940 2661 modis
973 2617 1216 2672 variatum,
1255 2619 1402 2662 verbis
1426 2620 1515 2663 alio
1541 2626 1674 2678 atque
1702 2623 1792 2667 alio
1823 2639 1897 2668 or-

208 2708 313 2759 dine
333 2703 663 2768 collocatism).
717 2704 786 2748 Ex
806 2702 967 2760 quibus
984 2703 1327 2767 narrationibus,
1357 2703 1396 2750 si
1416 2697 1522 2768 quid
1535 2705 1592 2754 iis
1615 2707 1767 2754 subest
1784 2709 1894 2764 veri,

207 2889 544 2916 m

222 3055 224 3057 ,
263 3014 306 3071 “)
342 3014 394 3062 V.
421 3012 720 3062 Plutarch.
748 3013 781 3061 l.
811 3028 851 3061 e.

263 3112 323 3168 ¹’‘)
351 3110 403 3159 V.
430 3112 728 3159 Plutarch.
758 3112 821 3180 ad
854 3110 1051 3170 Princip.
1089 3113 1261 3169 inerud.
1308 3129 1366 3181 p..
1378 3113 1477 3160 ⁷79.
1509 3115 1564 3159 1).
1614 3115 1711 3158 adv.
1740 3115 1890 3159 Colot.

376 3169 914 3287 pssissffissiuffinggehan.
944 3170 995 3218 V.
1019 3171 1080 3219 Η,
1105 3171 1165 3220 11.
1191 3171 1261 3219 46,
1299 3172 1462 3229 Diog.
1491 3173 1678 3218 Laert-
1707 3173 1789 3217 111.
1816 3172 1887 3219 23„

261 3325 341 3382 w)
369 3323 419 3368 V.
451 3324 631 3368 Cicer.
661 3323 759 3367 Cat.
789 3323 894 3368 mai.
917 3339 955 3368 c.
975 3324 1018 3368 5.
1047 3323 1211 3384 Diog.
1239 3329 1412 3372 Laert.
1440 3328 1522 3372 111.
1550 3326 1622 3371 37.
1651 3326 1887 3385 Dionys.

376 3379 432 3429 de
452 3395 646 3440 compos.
669 3382 794 3428 verb.
820 3395 858 3429 c.
878 3380 950 3427 25.
981 3383 1228 3443 Quintil.
1256 3387 1361 3430 lost.
1391 3385 1510 3429 vm.
1538 3385 1580 3432 (i.
