2040 3646
707 131 1140 187 sYMPosmM.
1196 198 1205 206 ,
1696 139 1766 199 9ss

72 267 397 350 βερνήτης,
413 266 696 348 ἐπιβάτης,
738 268 1090 350 παραστάτης
1117 291 1173 330 τε
1195 270 1288 330 καὶ
1312 269 1497 352 σωτὴρ
1526 267 1764 350 αριστος,
1786 276 1839 333 Ε

72 354 398 437 ξυμπάντων
427 375 482 412 τε
503 359 654 412 θεῶν
676 356 771 412 καὶ
795 353 1104 430 ἅνθρώπων
1126 354 1349 432 κόσμος,
1391 353 1605 436 ἡγεμών
1626 356 1763 416 κάλ-

69 444 255 510 λιστος
281 438 372 496 καὶ
400 434 650 515 ἄριστος,
695 440 739 496 ὠ
768 436 873 517 χρὴ
906 439 1136 499 ἕπεσθαι
1175 439 1356 500 πάντα
1408 439 1582 519 ἄνδρα
1622 442 1763 518 ἐφυ-

69 527 317 599 μνοῦντοι
341 526 541 594 καλῶς,
589 526 812 606 καλῆς
791 522 942 603 οἷδῆς
969 524 1274 601 μετέχοντα,
1312 522 1427 609 ἣν
1408 523 1526 585 ada
1548 525 1763 606 θέλγων

67 606 288 667 πάντων
309 611 459 666 θεῶν
484 628 541 665 τε
567 608 662 666 καὶ
688 583 1001 687 ἀνθρώπων
1021 608 1223 690 νόημα.

125 791 162 858 ᾦ
183 814 269 857 χρη
249 794 506 853 wasnau]
538 797 612 841 Sic
632 799 758 842 codd.
781 798 981 868 plerique
994 813 1143 843 omnes
1161 814 1243 856 pro
1261 801 1383 857 vulg.
1408 816 1442 858 ῳ
1467 801 1539 845 δεῖ
1551 797 1759 846 ἕπεσθαι.

18 897 21 900 ,
67 814 384 924 Moxplenrique
405 856 515 898 libri
548 857 690 910 καλῆς
726 862 827 899 ante
849 851 976 916 ᾠδῆς
1006 858 1228 910 omittunt.
1295 844 1450 913 Itaque
1472 858 1620 901 Astius
1645 860 1758 902 coni.

67 915 151 969 τῆς
182 908 307 972 ςόδῆς
325 914 584 968 μετέχοντα.
631 913 849 956 Ficinus:
907 928 1076 969 quem
1093 912 1364 969 profecto
1406 915 1620 958 sectari
1660 917 1759 957 de-

65 973 163 1013 bet
189 956 645 1026 praeclarisque
673 970 898 1026 hymnis
926 971 1205 1013 venerari
1232 972 1321 1014 vir
1350 972 1594 1027 quisque
1622 987 1761 1015 can-

66 1027 290 1071 tilenae
341 1028 504 1069 illius
559 1027 897 1094 particeps,
946 1042 1110 1082 quam
1138 1028 1347 1070 Amor
1332 1043 1455 1083 lpse
1494 1029 1760 1128 cogcilpit

1605 1100 1653 1129 re
1690 1099 1759 1129 ius

64 1089 312 1127 mentem
360 1083 604 1126 deorum
651 1083 1055 1158 hominumque
1102 1086 1489 1153 permulcens.

35 1142 121 1185 'ad
145 1142 327 1185 Isocrat.
346 1141 400 1182 de
442 1140 587 1184 Antid.
623 1155 666 1196 p.
689 1140 789 1184 331.
819 1141 933 1185 coni.
954 1141 1033 1186 καὶ
1053 1142 1136 1198 τῆς
1163 1137 1287 1202 ᾠδῆς
1303 1141 1562 1198 μετέχοντα

61 1281 256 1332 habeat,
285 1279 482 1337 intelligi
503 1280 574 1323 vix
596 1283 763 1336 potest3
807 1282 883 1324 de-

64 1339 200 1393 nique
248 1344 438 1407 quatuor
490 1337 559 1379 illi
620 1338 880 1382 nominativi

62 1393 367 1467 κυβερνήτης,
427 1391 675 1463 ἐπιβάτης,
728 1411 879 1454 παρα-

64 1450 232 1508 στάτης
266 1451 346 1495 καὶ
381 1450 531 1509 σωτήρ
566 1453 784 1506 quomodo
822 1454 880 1495 ad

62 1514 252 1564 quatuor
270 1508 438 1551 dativos
460 1506 508 1552 ἐν
529 1509 684 1565 πόνῳ,
715 1506 763 1552 ἐν
792 1507 878 1565 φό-

63 1568 156 1624 βῳ,
187 1564 235 1610 ἐν
256 1563 424 1622 πόθῳ,
457 1563 506 1609 ἐν
535 1553 652 1623 λόγῳ
683 1567 878 1609 referan-

60 1630 162 1676 tur,
189 1627 241 1666 ut
272 1599 451 1680 singul’a
480 1609 668 1680 singulis
696 1624 752 1665 ad
777 1638 877 1666 sen·-

62 1680 246 1723 tentiam
268 1681 573 1736 respondeant,
599 1680 721 1723 haud
744 1694 877 1736 appa-

61 1741 144 1780 ret.
201 1738 356 1791 Itaque
390 1751 526 1792 quum
554 1736 631 1780 vix
664 1737 876 1780 credibile

63 1794 121 1836 sit
140 1793 387 1849 Agathonis
423 1807 604 1849 operam
630 1794 678 1836 in
699 1794 876 1836 concin-

59 1851 199 1894 nitate
249 1850 565 1892 sententiarum
616 1852 873 1894 assectanda.

58 1908 259 1973 positam
269 1907 498 1949 extrema'
485 1922 531 1948 ιιι
555 1912 680 1962 parte
703 1908 872 1950 claudi-

61 1970 200 2018 casse,
229 1963 516 2006 librariorum
532 1965 661 2025 eulpa
683 1966 872 2007 nonnul-

59 2021 109 2064 la
138 2021 215 2063 hic
251 2022 431 2063 turbata
462 2034 556 2063 esse
589 2020 870 2065 arbitramur.

59 2079 119 2121 Ut
140 2077 293 2132 paucis
316 2078 630 2144 deffingamm,
659 2078 722 2120 ita
744 2079 871 2121 nobis

7 2174 24 2191 ,
58 2134 231 2177 videtur
247 2134 376 2177 Plato
404 2134 651 2202 scripsisse:
711 2131 759 2178 ἐν
784 2132 872 2203 φό-

58 2192 153 2250 βῳ,
185 2188 235 2234 ἐν
253 2191 420 2262 πάθω,
450 2189 499 2234 ἐν
521 2188 676 2249 πόνῳ,
707 2188 756 2235 ἐν
788 2189 871 2248 μό-

57 2264 150 2307 γῳ,
179 2234 483 2318 κυβερνητης,
515 2223 759 2319 ἐπιβάτης,
782 2264 871 2293 πα-

92 2303 290 2372 αστάτῃς
339 2303 419 2348 καὶ
471 2303 621 2362 σωτὴρ
666 2318 868 2361 αριστος.

57 2321 109 2406 fa
110 2376 156 2404 m
177 2362 373 2417 primum
408 2365 547 2404 totam
581 2363 824 2431 imaginem
843 2378 869 2406 e

56 2433 108 2462 re
129 2419 306 2462 nautica
325 2418 506 2474 petitam
534 2432 628 2461 esse
648 2420 870 2463 existima-

57 2488 172 2518 mus.
229 2475 384 2519 Nautis
409 2475 527 2517 enim
545 2489 675 2532 saepe
699 2477 869 2520 timor

56 2531 304 2599 naufragii,
332 2533 360 2573 d
371 2545 395 2574 e
408 2547 427 2574 s
438 2532 455 2574 i
467 2533 492 2573 d
507 2533 681 2576 erium
708 2538 866 2587 terrae,

57 2589 227 2633 labor
244 2588 292 2642 in
324 2589 581 2632 difficultate
616 2590 868 2647 navigandi,

57 2659 87 2689 a
97 2660 121 2688 e
131 2660 156 2687 r
165 2660 249 2688 um
259 2660 288 2688 n
297 2659 326 2688 a
364 2646 676 2691 nauseantibus
687 2679 700 2700 ‚
749 2648 868 2691 fame

88 2702 433 2758 ericlitantibus,
462 2717 564 2746 cum
597 2705 869 2760 tempestati-

55 2717 142 2802 bus
174 2736 526 2807 conflictantibus
565 2762 763 2804 accidere
793 2776 866 2804 so-

55 2815 134 2862 let.
190 2816 241 2858 In
261 2815 398 2858 timo
412 2829 469 2858 re
493 2816 635 2884 igitur
654 2818 736 2861 illo
759 2819 866 2874 quid

54 2873 175 2928 gub
192 2876 495 2926 ernatore,
536 2874 583 2916 in
631 2875 867 2918 deside-

54 2929 147 2972 rio
187 2929 292 2984 quid
330 2929 487 2973 socio
535 2930 763 2974 itineris
804 2937 863 2976 et

56 2985 269 3028 comite
298 2983 586 3054 (ἐπιβάτῃ),
619 2988 667 3030 in
693 2989 862 3032 labo-

54 3054 116 3084 re
156 3043 262 3097 quid
302 3043 663 3086 auxiliatore
692 3047 864 3112 (παρα-

54 3094 244 3166 στάτῃ),
271 3098 319 3141 ἰιι
348 3113 608 3144 aerumna
634 3102 744 3156 quid
769 3117 862 3144 so-

54 3169 114 3209 sp
129 3154 275 3198 itato
288 3170 343 3197 re
400 3155 635 3223 (σωτῆρι)
689 3159 862 3214 optabi-

51 3211 174 3254 lius?
231 3213 356 3253 Haec
382 3212 523 3268 igitur
546 3213 692 3257 officia
722 3229 860 3258 unum

51 3268 260 3312 Amorem
282 3269 429 3311 omnia
451 3274 676 3324 praestare
706 3283 861 3314 aman-

51 3323 170 3366 tibus
202 3326 339 3369 docet.
405 3325 576 3368 Deinde
608 3326 695 3369 hac
727 3327 859 3371 unius

50 3380 205 3426 literae
222 3379 467 3427 mutatione
485 3382 703 3440 uniusque
728 3397 859 3430 vocaa

949 1282 1047 1325 buli
1073 1282 1410 1338 transpositione
1442 1282 1530 1325 hoc
1553 1281 1757 1337 efficitur,

946 1346 998 1382 ut
1033 1340 1211 1396 singula
1247 1340 1434 1396 singulis
1462 1340 1519 1382 ad
1547 1341 1759 1382 amussim
1789 1351 1793 1354 ⁴
1816 1364 1823 1370 ·

942 1399 1245 1452 respondeant.
1313 1399 1372 1440 Ut
1391 1397 1509 1439 enim
1543 1394 1592 1440 ἐν
1623 1395 1756 1456 φόβῳ

944 1455 999 1496 ad
1020 1455 1254 1506 malorum,
1283 1453 1348 1496 sic
1367 1450 1414 1496 ἐν
1433 1451 1571 1512 πόθῳ
1599 1455 1655 1496 ad
1679 1442 1760 1497 bo-

942 1525 1102 1553 norum
1140 1486 1505 1566 exspectationem
1536 1497 1757 1563 refertur3

942 1575 992 1609 ut
1030 1565 1176 1636 πόνος
1205 1568 1454 1611 molestiam
1486 1568 1534 1627 in
1567 1568 1756 1624 agendo,

943 1625 1007 1667 sic
1033 1623 1175 1679 μόγος
1194 1625 1335 1667 moles
1330 1625 1446 1667 tiam
1471 1623 1519 1668 ἰιι
1549 1600 1756 1694 patiend6

942 1682 1178 1739 designat3
1236 1682 1412 1725 tandem
1475 1679 1761 1752 κυβερνήτης

943 1740 998 1781 ad
1030 1716 1204 1807 φόβον,
1250 1735 1471 1796 ἐπιβάτης
1507 1739 1563 1782 ad
1596 1737 1754 1783 πόθον

942 1796 1060 1850 (quis
1109 1796 1226 1838 enim
1275 1795 1504 1852 flagrantis
1547 1797 1755 1840 desiderii

941 1865 1115 1895 sensum
1129 1853 1290 1894 melius
1301 1853 1440 1894 lenire
1451 1853 1601 1907 possit,
1618 1868 1753 1909 quam

938 1911 1082 1952 socius
1102 1909 1290 1961 itineris,
1310 1910 1488 1964 quicum
1500 1911 1756 1965 colloquen-

937 1966 993 2008 do
1028 1967 1161 2009 horas
1205 1941 1370 2008 tardius
1417 1972 1565 2009 euntes
1599 1968 1752 2010 fallere

935 2022 1157 2078 possid),
1186 2021 1487 2090 παραστάτης
1508 2025 1563 2066 ad
1588 2022 1750 2076 πόνον,

936 2079 1225 2122 similitudine
1260 2094 1287 2123 a
1317 2080 1664 2150 remigantibus
1671 2082 1752 2123 ‹lu-

936 2141 1030 2188 cta,
1072 2136 1258 2192 denique
1306 2136 1455 2195 σωτήρ
1514 2138 1568 2179 ad
1604 2137 1751 2193 μόγον

935 2193 1162 2249 aptissime
1207 2195 1408 2237 refertur.
1426 2211 1447 2233 ‹<
1504 2195 1559 2236 H
1551 2209 1628 2237 lec
1680 2196 1750 2237 vir

935 2250 1146 2307 egregius
1163 2265 1337 2318 magno
1348 2251 1562 2294 acumine.
1621 2254 1748 2307 Quae

933 2308 1026 2350 scio
1046 2307 1199 2351 multis
1224 2307 1441 2362 placitula
1463 2322 1559 2350 esse
1574 2341 1587 2360 ‚
1614 2310 1746 2351 modo

933 2377 990 2407 ne
1010 2364 1363 2419 transpositionis
1385 2366 1629 2408 remedium
1650 2367 1749 2408 vul-

933 2420 1032 2463 neri
1059 2422 1250 2464 sanando
1280 2422 1567 2467 adhibuisset.
1639 2424 1747 2464 Vul—

931 2483 1085 2534 gatam
1095 2482 1245 2521 tamen
1261 2478 1530 2522 lectionem
1515 2480 1747 2546 mgeniose

932 2535 1124 2578 defendit
1154 2535 1365 2578 Astius.
1421 2537 1536 2582 'Nam
1566 2536 1745 2579 verissi-

930 2605 1004 2635 me
1017 2591 1183 2635 iudicat
1211 2590 1347 2647 λόγον
1376 2592 1423 2635 in
1452 2594 1537 2637 hac
1573 2593 1745 2648 depicta.

930 2649 1180 2705 Agathonis
1219 2648 1436 2702 oratione,
1478 2650 1525 2693 in
1557 2664 1643 2704 qua
1677 2650 1742 2692 nil

930 2705 1016 2748 nisi
1043 2720 1192 2748 merus
1220 2709 1460 2750 verborum
1491 2708 1614 2749 lusus
1648 2720 1744 2748 cer-

929 2765 1084 2815 natur,
1137 2767 1256 2805 recte
1302 2764 1489 2816 habere,
1544 2763 1742 2817 adeoque

929 2833 1058 2875 posse
1092 2818 1140 2861 in
1169 2820 1424 2863 universum
1458 2820 1514 2862 ad
1541 2820 1742 2875 Agatho-

928 2889 1058 2928 nem,
1088 2877 1323 2933 egregium
1351 2876 1518 2919 scilicet
1541 2876 1672 2918 illum
1696 2879 1742 2918 et

930 2907 1151 2975 orat6rem
1181 2940 1225 2975 et
1260 2938 1448 3000 poetam,
1486 2933 1667 2986 referri,
1700 2932 1739 2975 si

926 2989 1106 3057 quidem
1121 2989 1382 3045 respiciatur
1415 2990 1471 3033 ad
1503 2994 1657 3033 notum
1682 2989 1741 3031 il-
1777 3027 1793 3037 ,

925 3046 1002 3087 lud
1048 3041 1073 3090 6
1117 3047 1273 3101 μῦθος
1315 3044 1495 3103 ἐσώθη,
1534 3042 1559 3090 6
1604 3043 1738 3100 λόγος

926 3099 1163 3155 ἄπωλετο,
1202 3103 1261 3146 al.
1274 3135 1287 3156 ‚
1324 3104 1440 3159 quod
1487 3104 1737 3158 frequenter

925 3159 1040 3214 apud
1064 3160 1295 3203 Platonem
1313 3164 1562 3216 usurpatur.
1603 3160 1658 3201 οἳ.
1682 3159 1738 3201 de

923 3215 1022 3271 Rep
1025 3216 1118 3258 ubl.
1146 3217 1199 3258 X.
1242 3231 1283 3272 p.
1316 3216 1417 3259 621.
1449 3218 1503 3259 Β.
1532 3217 1673 3272 Legg.
1697 3215 1737 3258 1.

917 3286 965 3372 p.
982 3231 1078 3314 645.
1093 3273 1146 3315 Β.
1175 3273 1361 3318 Theaet.
1376 3272 1598 3331 p.164.1).
1625 3271 1738 3320 Phi-

943 3329 1011 3373 eb.
1032 3342 1075 3385 p.
1099 3328 1167 3376 14.
1197 3330 1250 3375 A
1275 3330 1333 3375 al.
