2040 3646
279 161 383 219 128

928 146 1294 203 PLATONIS

278 290 462 353 καλοῦ
483 285 578 346 καὶ
599 287 833 365 θεωρων
857 280 1109 359 πολλοὺς
1131 283 1227 345 καὶ
1254 279 1466 358 καλούς
1504 283 1711 364 λόγους
1744 285 1837 344 καὶ
1864 308 1958 362 με-

280 378 636 478 γαλοπρεπεῖς
647 373 798 448 τίκτῃ
810 372 902 430 καὶ
925 369 1263 451 διανοήματα
1289 370 1345 429 ἐν
1359 371 1671 451 φιλοσοφίᾳ
1702 367 1957 474 ἀφθόνῳ,
2028 434 2038 441 ,

282 454 430 531 ἕως
406 480 474 516 αν
496 457 739 516 ἐνταῦθα
762 455 999 533 ῥωσθεὶς
1034 458 1127 514 καὶ
1168 451 1433 534 αυξηθεὶς
1467 455 1660 530 κατίδη
1700 451 1820 513 τινὰ
1847 454 1963 512 ἐστιἡ

283 542 499 623 στήμην
521 542 650 617 μίαν
685 539 978 621 τοιαύτην,
1024 536 1059 620 ἥ
1095 541 1204 599 ἐστι
1240 543 1421 598 καλοῦ
1442 543 1682 597 τοιοῦδε.

1773 540 1962 616 Πειρῶ

209 644 264 701 Ε
286 628 346 687 δέ
373 650 494 705 μοι,
538 625 673 706 ἔφη,
715 623 812 684 τὸν
834 627 976 693 νοῦν
999 626 1279 703 προςέχειν
1301 622 1377 696 ὡς
1402 619 1524 682 οἷόν
1549 644 1604 682 τε
1627 621 1875 701 μάλιστα.

291 765 296 774 .
455 712 619 791 Cap.
662 713 890 771 XXIX.
965 705 1070 783 ιῸς
1101 704 1268 789 γὰρ”
1243 707 1311 767 οἷν
1349 709 1503 785 μέχρι
1539 708 1783 767 ἐνταῦθα
1825 702 1967 783 πρὸς

284 788 353 864 τὰ
377 792 603 875 ἐρωτικὰ
629 797 1045 874 παιδαγωγηθῆ,
1072 794 1350 873 θεωμενος
1365 790 1560 873 ἐφεξῆς
1582 813 1638 852 τε
1665 793 1755 853 καὶ
1782 789 1970 870 ὀρθῶς

331 958 448 1034 Cap.
476 943 637 1005 ΧΧΪΧ.
695 954 778 1019 μέχ
751 978 826 1021 χρι
845 953 1088 1015 ἐνταῦθα]
1123 959 1198 1004 Sic
1223 956 1330 1002 libri
1349 955 1554 1002 meliores
1578 964 1823 1027 οιιιιιοεᾪιο
1842 954 1967 1014 vulg.

284 1019 453 1080 μέχρις·

511 1020 639 1074 Quod
660 1020 778 1062 enim
796 1020 1076 1089 Phrynichus
1098 1034 1138 1074 p.
1154 1019 1196 1061 6.
1230 1017 1473 1060 Herodian.
1499 1016 1661 1058 Philet
1685 1031 1727 1071 p.
1755 1013 1870 1068 451„
1890 991 1969 1057 alii

284 1077 570 1136 grammatici
591 1083 787 1145 veteres,
814 1075 944 1135 μέχρι
966 1082 1009 1118 et
1036 1071 1142 1143 ἄχρι
1171 1081 1380 1128 tanquam
1411 1074 1608 1116 Atticum
1642 1074 1854 1127 probant,
1893 1071 1971 1126 μέ-

285 1151 386 1192 χρις
406 1139 552 1177 autem
571 1138 614 1175 et
642 1130 772 1192 ἄχρις
792 1133 1070 1189 improbant,
1098 1130 1144 1175 id
1180 1131 1408 1174 verissime
1439 1131 1606 1172 dietum
1638 1143 1733 1171 esse
1755 1134 1969 1172 testantur

287 1191 486 1237 Platonis
509 1191 631 1232 codd.
661 1192 868 1232 meliores
901 1203 1080 1242 omnes,
1123 1188 1199 1244 qui
1226 1194 1346 1230 tanto
1387 1201 1490 1229 con
1476 1201 1601 1228 ensu
1635 1192 1843 1240 tantaque
1866 1199 1971 1227 con-

288 1248 451 1293 stantia
470 1260 523 1290 ea
542 1248 596 1289 de
618 1262 668 1289 re
689 1247 989 1299 consentiunt,
1018 1251 1068 1289 ut
1091 1246 1164 1288 vix
1186 1260 1260 1287 sex
1279 1244 1531 1299 septemve’
1518 1259 1563 1285 ιιι
1585 1244 1771 1285 Platone
1791 1242 1876 1284 loci
1897 1257 1966 1284 re·

285 1307 537 1374 periantur,
578 1305 658 1347 ubi
689 1306 829 1348 alteia
859 1305 1000 1347 forma
1030 1302 1255 1345 communi
1301 1302 1503 1344 firmetur
1532 1301 1757 1342 «librorum
1788 1313 1971 1341 consen-

285 1364 424 1408 Elone.

286 1421 438 1464 omnia
463 1434 517 1463 ex
545 1418 668 1462 codd.
693 1419 921 1462 emendata
937 1423 1051 1462 sunt.

285 1538 400 1583 quae
438 1521 641 1595 deinceps
677 1529 943 1581 sequuntur.
991 1536 1101 1569 παι-

286 1584 453 1656 δαρίου
474 1580 639 1634 κάλλος
668 1606 699 1616 -
738 1579 1099 1638 ἐπιτηδεύματος

290 1641 393 1693 ἑνος
408 1675 419 1697 ,
450 1655 561 1696 quae
583 1655 711 1683 nemo
737 1644 802 1682 est
825 1639 931 1694 quin
953 1639 1100 1681 videat

288 1699 487 1772 apposita
507 1712 602 1739 esse
619 1696 893 1753 praecedenti
918 1692 970 1740 τὸ
990 1690 1096 1754 παρ’

291 1754 361 1800 ἑνί
407 1754 709 1823 explicationis
743 1754 911 1820 gratia,
951 1753 1015 1796 ita
1049 1759 1099 1795 ιιι

289 1827 370 1870 pro
401 1809 453 1855 τὸ
486 1807 627 1855 καλόν
661 1825 776 1853 nunc
802 1809 972 1852 dicatur
1002 1810 1101 1851 uni-

288 1884 415 1913 verse
432 1867 607 1918 κάλλος.
665 1869 864 1921 Denique
894 1882 974 1909 nec
998 1881 1101 1922 par-

288 1926 541 1982 ticipiorum
584 1925 825 1966 cumulatio
864 1925 1102 1978 quidquam

290 1985 442 2035 habet,
470 1983 586 2037 quod
611 1985 666 2025 ab
685 1981 893 2036 loquendi
917 1996 1102 2023 consue-

291 2041 443 2084 tudine
461 2041 656 2082 alienum
673 2039 742 2080 sit.
794 2039 906 2081 Nam
925 2036 1101 2094 βλέπων

290 2095 409 2156 πρὸς
431 2094 547 2139 πολυ
569 2092 621 2139 τὸ
637 2092 777 2139 καλόν
797 2109 870 2137 ιιι(
876 2103 917 2139 te
939 2096 1102 2137 cohae-

290 2160 360 2198 ret
385 2166 484 2197 cum
506 2151 666 2208 μηκέτι
697 2148 748 2196 τὸ
778 2148 881 2210 παρ’
904 2149 970 2195 ἑνὶ
991 2167 1102 2207 αγα-

289 2213 418 2263 πῶν,
463 2218 594 2265 atque
632 2210 795 2252 indicat
842 2210 1021 2251 modum
1060 2214 1103 2251 et

289 2270 523 2322 rationem,
540 2281 609 2321 qu:
600 2282 626 2309 «ι
645 2268 736 2321 fiat,
762 2271 820 2308 ιιι
825 2273 994 2309 amator
1015 2280 1102 2308 non

291 2326 482 2381 amplius
508 2325 637 2366 unius
660 2329 828 2366 tantum
862 2323 1101 2366 admiretur

289 2382 647 2440 pulcritudinem.
671 2377 934 2424 ’Δουλεύων
954 2386 1102 2422 autem

290 2440 570 2483 reterendum
591 2453 635 2479 e
631 2443 656 2479 ι
684 2439 737 2480 ud
766 2439 942 2492 φαῦλος
961 2439 989 2494 ᾐ
1021 2436 1099 2480 καὶ

291 2511 364 2551 σμ.
400 2497 463 2539 ita
489 2501 538 2537 ut
571 2495 690 2536 idem
721 2495 777 2537 sit
808 2495 923 2550 quod
947 2489 1024 2538 διὰ
1045 2491 1097 2538 τὸ

291 2550 542 2598 δουλευειν.
571 2567 614 2594 v.
652 2566 763 2606 quae
793 2553 845 2600 de
876 2553 960 2594 hac
997 2565 1100 2593 ‹on—

290 2611 529 2655 structione
560 2609 876 2664 disputavimus
905 2611 958 2650 ad
994 2608 1103 2651 Phi-

292 2670 383 2711 leb.
411 2683 452 2723 Ρ.
481 2665 550 2708 53.
580 2667 695 2708 etad
723 2666 1026 2721 Euthyphron.
1060 2681 1100 2720 Ρ

288 2725 360 2768 27.
420 2723 640 2777 Quocirca
659 2723 921 2764 sententiam
944 2724 1101 2765 verbo-

289 2796 391 2825 rum
415 2781 477 2822 sic
518 2782 608 2822 l'ere
641 2780 927 2821 reddiderim·
963 2795 999 2834 Ρ
1012 2795 1071 2820 0
1052 2784 1101 2820 st

290 2838 489 2883 studia
540 2837 651 2879 illa
699 2837 761 2878 ad
811 2837 1100 2878 scientiae

219 2921 235 2938 κ
290 2908 509 2952 genera
569 2893 632 2935 ad
650 2894 936 2935 ducendus
995 2901 1099 2945 est,

288 2957 350 2995 ut
406 2949 739 3005 sapientiae
806 2949 1099 2992 intueatur

288 3007 775 3074 pulcritudinem,
818 3012 984 3062 atque
1023 3022 1100 3074 eo3

287 3066 438 3122 quod
492 3063 847 3106 latissimum
913 3064 1098 3119 pulcri

288 3135 546 3188 campum
575 3126 824 3175 spectat,
854 3134 961 3162 non
990 3121 1098 3163 iam

286 3192 315 3221 u
334 3178 486 3233 nius,
518 3177 698 3220 sicuti
739 3190 970 3227 servus,
1010 3178 1098 3220 ad-

285 3236 366 3278 mi
385 3247 408 3277 r
426 3249 450 3277 e
470 3240 487 3278 t
509 3248 536 3277 u
557 3248 580 3275 r
635 3234 1097 3289 pulcritudinem

287 3307 468 3347 eaque
506 3303 639 3334 serv
652 3292 798 3333 itute
825 3290 966 3335 vilis
996 3306 1096 3333 ex·-

284 3349 465 3392 sistat
501 3353 554 3391 et
596 3347 879 3403 pusillus,
910 3349 1001 3389 sed
1030 3349 1096 3390 ad

281 3405 617 3450 immensum
669 3404 1094 3462 pulcritudinis

495 1341 610 1406 N'am
641 1377 753 1416 quae
784 1361 1071 1404 Heindorfius
1102 1360 1158 1404 ad
1189 1360 1327 1417 Gorg
1350 1374 1392 1415 Ρ.
1411 1358 1509 1403 137
1545 1355 1755 1414 collegit,
1785 1370 1839 1401 ea
1857 1370 1974 1400 nunc

1163 1533 1328 1567 mare
1356 1530 1667 1563 conversus
1701 1517 1975 1563 etc.1talo·

1165 1595 1265 1622 cum
1288 1579 1422 1626 etiam
1453 1578 1810 1620 Plutarchus
1848 1589 1974 1619 aece-

1163 1638 1228 1706 pit
1254 1639 1400 1705 Quae*
1395 1641 1433 1677 ·.t
1459 1636 1662 1677 Platonn.
1702 1650 1745 1706 Ρ.
1767 1633 1893 1675 1001
1921 1633 1973 1676 Ε.

1162 1691 1216 1738 τὸ
1241 1694 1289 1738 δὲ
1308 1692 1532 1762 μέγιστον,
1563 1687 1703 1740 αὐτὸς
1725 1689 1772 1734 ἐν
1783 1691 1974 1761 Συμπο-

1165 1752 1245 1810 σίῳ
1273 1746 1516 1802 διδασκων,
1546 1746 1644 1798 πῶς
1664 1749 1734 1791 δεῖ
1749 1750 1845 1796 τοῖς
1865 1745 1976 1815 {gw-

1162 1811 1307 1858 τικοῖς
1334 1807 1565 1878 χρῆσθαι,
1610 1801 1865 1858 μετάγοντα
1890 1801 1977 1858 τὴν

1166 1865 1328 1933 ψυχὴν
1335 1864 1428 1908 οἷπο
1453 1879 1542 1905 των
1566 1863 1803 1917 αἰσθητῶν
1821 1863 1976 1904 καλῶν

1167 1921 1241 1967 ἐπὶ
1280 1915 1338 1965 τὰ
1368 1918 1536 1976 νοητά,
1587 1919 1836 1991 παρεγγυᾷ
1861 1916 1975 1986 μήτε

1166 1977 1376 2047 σώματός
1398 1994 1523 2027 τινος
1542 1972 1644 2044 μήτ’
1675 1973 1975 2044 ἐπιτηδεύμα-

1165 2053 1245 2086 τος
1264 2031 1369 2105 μήτ’
1401 2031 1652 2089 ἐπιστήμης
1676 2030 1828 2077 κάλλει
1864 2034 1976 2103 μιᾶς

1167 2091 1519 2163 ιξποτετάχθαι
1515 2091 1592 2134 καὶ
1614 2090 1860 2142 δουλεύειν,
1881 2085 1972 2134 ἀλλ’

1167 2148 1433 2195 ἀποστάντα
1463 2164 1545 2203 της
1576 2148 1681 2217 περὶ
1721 2148 1868 2191 ταῦτα
1899 2163 1974 2202 μι·

1166 2207 1407 2279 κρολογίας
1441 2204 1516 2250 ἐπὶ
1551 2203 1603 2248 τὸ
1636 2201 1752 2249 πολὺ
1785 2203 1869 2248 τοῦ
1894 2220 1976 2247 κα-

1167 2265 1249 2309 λοῦ
1267 2282 1320 2308 π
1308 2262 1738 2320 ’λαγοςτρέπεσθαμ
1768 2262 1975 2304 Ceterum

1168 2325 1222 2365 de
1241 2338 1321 2364 usu
1344 2336 1437 2364 voc.
1471 2321 1665 2374 πέλαγος
1696 2334 1740 2362 v.
1763 2319 1972 2362 lleusd.
2038 2348 2040 2352 .

1167 2381 1354 2436 Specim.
1377 2378 1482 2421 (Jrit.
1510 2394 1552 2446 Ρ.
1563 2377 1632 2422 31.
1647 2401 1677 2409 -
1703 2375 1795 2420 καὶ
1826 2379 1973 2418 θεω-

1167 2430 1773 2496 ρῶν.1ηιο11.αυτό.-ἐν
1804 2435 1976 2488 φιλο-

1165 2494 1351 2550 σοφίᾳ
1395 2487 1670 2547 ἀφθόνῳ.
1746 2490 1857 2532 Nam
1890 2489 1976 2531 im-

1165 2565 1362 2594 mensum
1378 2550 1487 2591 illud
1511 2550 1692 2604 pelagus
1714 2546 1976 2602 pulciitudi-
2032 2549 2038 2555 “

1165 2610 1232 2651 nis
1246 2609 1375 2650 imm(-
1380 2623 1426 2648 ιι
1421 2620 1500 2648 am
1516 2607 1647 2646 habet
1660 2604 1976 2659 philosophan-

1167 2667 1209 2707 di
1226 2665 1453 2707 materiam
1473 2663 1669 2716 adeoque
1687 2661 1799 2703 effic‘
1789 2669 1820 2702 ιι
1844 2664 1973 2714 φιλο-

1167 2724 1337 2775 σοφίαν
1373 2717 1614 2774 ἄφθονον,
1654 2724 1702 2760 ιιι
1749 2717 1823 2772 qui
1860 2716 1975 2760 illud
2038 2728 2040 2754 ;

1165 2779 1485 2850 epntemplatur
1508 2775 1734 2819 verissime
1761 2774 1846 2816 dici
1873 2789 1971 2829 pos-

1165 2837 1221 2878 sit
1245 2834 1291 2879 ἐν
1309 2835 1563 2890 φιλοσοφίᾳ
1583 2828 1802 2900 ,ἀφθόνῳ
1817 2831 1976 2887 gigne-

1164 2907 1213 2935 re
1228 2908 1278 2935 ex
1296 2906 1388 2934 sese
1410 2900 1452 2934 et
1471 2890 1595 2945 quasi
1609 2901 1837 2945 procreare
1848 2902 1976 2943 prae·

1165 2951 1217 2993 cl‹
1221 2965 1307 2993 ires
1354 2962 1576 2990 sermones
1627 2945 1886 3001 magnific&
1868 2958 1975 2999 que

1165 3007 1301 3050 animi
1331 3020 1495 3047 sensus.
1553 3004 1726 3071 Itaque
1730 3014 1812 3043 non
1831 3003 1970 3056 probo

1164 3064 1284 3107 Asti
1272 3063 1313 3105 ·i
1360 3062 1657 3104 coniecturam
1698 3053 1906 3112 aqu-&ovea
1945 3081 1973 3091 -

1164 3135 1280 3164 κατ.
1309 3115 1439 3162 τινὰ
1465 3112 1789 3172 ἐπιστήμην
1817 3118 1969 3170 μίαν.

1163 3178 1209 3220 h.
1242 3191 1280 3219 e.
1321 3174 1630 3218 scientiam
1686 3174 1810 3226 pulc
1826 3173 1973 3214 ritu-

1161 3234 1311 3276 dinis
1352 3233 1536 3288 ipsius
1586 3246 1620 3272 s,
1658 3228 1814 3272 ideae
1854 3229 1972 3284 pul-
2025 3231 2030 3237 “

1162 3307 1185 3334 c
1200 3289 1511 3339 rit-ulmis,
1583 3301 1718 3342 quam
1765 3285 1970 3341 deinceps

1161 3348 1342 3405 egregie
1370 3320 1593 3390 describit.
