2040 3646
734 160 1168 215 SYMPOSIUM.

1722 166 1789 224 71

109 291 187 367 ὥς
213 291 309 373 ἐι
259 318 315 353 ω
336 298 620 373 φοβοῦμαι
645 295 769 372 περὶ
805 319 914 356 των
934 296 1241 373 μελλόντων
1275 296 1787 380 ᾧηθήσεσθαι,ου

110 401 175 438 τι
184 377 260 459 μὴ
285 384 469 457 γελοῖα
491 382 650 452 εἴπω,
691 386 859 440 τοῦτο
883 383 983 459 μὲν
1003 406 1108 461 γαρ
1143 379 1212 443 ὂῖν
1232 384 1428 462 κέρδος
1452 386 1535 466 εἴη
1559 385 1653 443 καὶ
1685 388 1790 465 τῆς

108 462 376 543 ῆιιετέρας
430 462 673 571 Μούσης
721 465 1034 550 ἐπιχώριον,
1105 465 1245 527 ἀλλὰ
1286 466 1363 550 μὴ
1402 468 1787 548 καταγέλαστα.

108 547 308 607 Βαλών
327 572 416 627 γε,
472 572 676 627 φαναι,
728 551 773 611 ὠ
805 549 1219 630 Ἀοιστόφανες,
1259 555 1362 612 οἴει
1395 551 1792 633 ἐκφεύξεσθαις

107 630 248 691 αλλὰ
281 632 506 710 πρόςεχε
538 631 637 695 τὸν
667 640 836 708 νοῦν,
886 638 980 696 καὶ
1002 633 1183 710 οὕτως
1214 637 1334 716 λέγε
1358 636 1433 712 ὡς
1469 637 1663 699 δώσων
1690 637 1790 698 λό-
1813 658 1859 712 c

105 740 222 795 γον.
266 719 398 789 ἴσως
421 719 632 793 μέντοι,
674 743 744 779 αν
767 718 900 798 ὁόξῃ
923 744 1046 797 μοι,
1075 746 1212 826 ταφη

1199 720 1296 781 ’σω
1319 736 1396 781 σε.

275 802 436 906 Cap.
467 805 636 863 XIV.
726 806 845 864 Καὶ
866 805 1043 907 inim„
1052 831 1097 866 ω
1124 805 1489 913 Ἑρυξίριαχε,ῒ
1504 806 1672 869 εἰπεῖν
1693 803 1794 867 τὸν

18 897 21 900 ’
102 882 496 965 Ἀριστοφάνη,
539 884 679 964 ἄλλῃ
698 888 758 967 γέ
777 907 856 966 πῃ
882 891 939 953 ἐν
960 895 1043 950 νοῒ
1065 891 1165 968 ἔχω
1191 888 1415 970 λέγειν
1388 916 1426 971 η
1450 881 1489 968 ᾗ
1513 891 1590 952 σύ
1616 914 1673 951 τε
1696 893 1792 951 καὶ

104 971 437 1042 Παυσανίας
464 972 694 1080 εἰπέτην.
739 973 857 1049 ἐμοὶ
889 971 993 1052 γὰρ
1019 979 1290 1036 δοκοῦσιν
1326 974 1616 1053 ἄνθρωποι
1646 993 1791 1036 παν-

100 1052 303 1114 τάπασι
335 1052 436 1136 τὴν
473 1061 579 1118 τοῦ
612 1058 810 1136 ε’ρωτος
847 1058 1086 1163 δύναμιν
1131 1083 1246 1125 ουκ
1283 1058 1608 1142 ᾐσθῆσθαι,
1675 1061 1791 1121 ἐπεὶ

138 1236 216 1290 „ov
249 1237 295 1265 τι
323 1218 387 1276 μὴ
416 1224 572 1276 γελοῖα
605 1222 756 1282 εἷ’πω]
808 1225 910 1268 Hoc

102 1293 159 1321 ου
183 1295 229 1322 τι
263 1286 494 1323 connectas
528 1295 630 1323 cum
652 1281 906 1339 φοβοῦμαι.

101 1336 215 1378 Nam
241 1336 454 1379 sententia
495 1337 608 1380 haec
639 1345 723 1382 cst·
786 1339 910 1383 noli

102 1407 183 1434 me
239 1393 561 1437 custodire·
618 1410 743 1438 nam
799 1411 908 1454 ego

101 1463 302 1492 xereor
330 1452 392 1492 de
421 1450 521 1503 iis,
579 1466 720 1507 quae
762 1468 907 1496 nunc

101 1507 371 1550 dicturus
422 1522 564 1560 sum,
620 1524 726 1553 non
777 1510 909 1565 qui-

103 1564 247 1616 dem,
304 1579 370 1606 ne
412 1564 670 1608 ridicula
708 1569 907 1622 profe-

99 1635 219 1662 ram
265 1646 292 1654 -
345 1622 451 1664 hoe
497 1621 644 1665 enim
684 1624 908 1667 lucrum

98 1678 248 1720 foret
298 1683 352 1720 et
403 1679 661 1722 comicae
709 1681 908 1725 Musae

102 1739 332 1778 nostrae
385 1741 837 1782 consentaneum
878 1763 908 1774 -

104 1792 199 1834 sed
227 1807 291 1833 ne
319 1792 639 1837 deridenda.

157 1846 309 1904 βαλών
328 1864 399 1902 γε,
432 1847 596 1905 φάναι,
617 1851 676 1906 -]
717 1852 909 1894 Prover-

102 1904 164 1947 bia
166 1906 237 1947 ilis
261 1906 395 1948 dictio
422 1913 499 1948 est.
558 1907 627 1950 Su
640 1909 762 1950 Idas
792 1910 847 1953 T.
869 1910 906 1952 I.

100 1977 144 2017 Ρ.
168 1961 265 2004 414.
303 1964 371 2006 ed.
404 1964 528 2005 Kust.
567 1960 719 2033 βαλών
747 1964 908 2034 φευξε-

98 2021 215 2062 σθαι
244 2019 357 2071 οἴεις
407 2018 522 2078 πρὸς
551 2019 662 2072 τοὺς
684 2020 829 2066 κακόν
861 2039 909 2066 τι

99 2074 362 2135 δράσαντας
383 2079 462 2122 καὶ
484 2076 766 2132 οἰομένους’
743 2077 909 2130 εκφεύ-

95 2149 206 2190 γειν.
231 2150 270 2178 v.
292 2134 516 2181 Erasmi
539 2136 710 2194 Adagg.
725 2151 766 2192 p.
779 2136 907 2180 1210.

153 2247 261 2302 Cap.
281 2247 396 2290 XIV.
423 2249 471 2292 C.
529 2245 583 2292 σύ
606 2263 655 2293 τε
675 2248 755 2293 καὶ
775 2251 907 2293 Παυ-

32 2345 42 2351 ,
95 2305 260 2354 ‹savias-
280 2304 487 2371 εἰπέτην]
525 2307 820 2362 Exspectabas
845 2307 908 2350 ει-

98 2377 252 2405 πετον.
283 2361 370 2403 Sed
393 2361 700 2406 animadvertit
721 2364 906 2407 Elms-

98 2418 254 2461 leius
292 2418 345 2460 ad
378 2418 822 2475 Aristoph.Acha1-n.
860 2435 904 2464 v.

94 2474 195 2518 773.
254 2474 405 2531 Eurip.
445 2476 565 2518 Med.
619 2476 822 2523 v.1⁰41.
861 2481 908 2521 et

95 2532 224 2574 Mon
238 2531 360 2574 kxus
363 2491 444 2575 Pad
470 2531 624 2589 Eurip.
659 2534 822 2576 Alcest.
859 2549 904 2576 v.

95 2587 194 2631 282.
219 2589 454 2632 secundam
475 2605 707 2646 personam
726 2591 906 2643 dualem

94 2659 324 2700 nunquam
345 2660 371 2689 a
381 2647 512 2690 tertia
527 2647 745 2691 diversam
755 2648 903 2691 fuisse.

96 2703 229 2758 Quod
256 2702 340 2744 etsi
368 2704 620 2747 dubitamus
658 2719 716 2747 an
745 2719 903 2760 parum

94 2764 223 2801 caute
248 2759 586 2815 pronuntiatum
609 2761 689 2813 sit,
732 2766 903 2804 certum

95 2820 245 2858 tamen
277 2821 345 2858 est
378 2818 494 2872 apud
526 2817 760 2873 scriptmes
781 2821 904 2862 vete-

93 2872 157 2915 ris
173 2872 352 2915 dialecti
363 2873 534 2918 Atticae
549 2876 784 2918 secundam
802 2889 904 2931 per-

713 2937 809 2946 -ι

94 2964 248 2993 sonam
268 2964 580 3005 saepenumero
599 2952 693 2993 in-
666 2970 798 3009 -την
813 2958 903 2996 ter-

93 3007 271 3050 minari.
334 3008 489 3063 Itaque
517 3009 719 3063 equidem
753 3025 903 3053 assen-

96 3063 186 3107 tior
214 3064 545 3119 Schaefero,
576 3065 652 3120 qui
671 3067 727 3109 ad
747 3067 900 3110 Schol-

29 3155 54 3169 ‚,.
95 3121 299 3175 Aponon.
324 3122 470 3163 Rhod.
493 3137 534 3177 Ρ.
546 3121 643 3165 146.
672 3140 693 3162 »
710 3124 900 3178 prisca

95 3177 424 3233 graecitas,
461 3178 622 3246 inquit,
660 3181 898 3236 dualem,

97 3238 255 3275 certe
309 3235 492 3278 activi
533 3236 591 3278 in
627 3235 714 3278 his
760 3242 900 3279 tem-

93 3290 342 3345 poribus
367 3291 598 3335 videtur
623 3293 900 3341 bifariam

94 3347 398 3390 flexisse·
422 3363 552 3402 ετον,
583 3364 688 3393 ετον
710 3355 754 3393 et
779 3349 900 3405 ε’την,

98 3402 232 3461 έτην,
273 3404 373 3450 sed
400 3381 901 3463 posteriorum

974 1240 1110 1271 usus
1138 1229 1478 1294 temporum,
1510 1238 1788 1283 gramma-

975 1285 1092 1328 tica
1149 1283 1432 1326 subtilius
1491 1297 1557 1327 an
1610 1298 1788 1339 argu-

975 1341 1099 1386 tius
1127 1342 1387 1395 exculta,
1418 1340 1790 1384 terminatio-

972 1437 1093 1467 nem
1121 1435 1169 1465 ln
1200 1435 1265 1465 01)
1307 1432 1666 1476 asslgnasse
1695 1431 1787 1462 SR·-

973 1500 1187 1544 cundae
1242 1510 1555 1555 personae,
1612 1496 1667 1538 in
1715 1511 1785 1552 ην

974 1558 1231 1601 tertiae«
1289 1556 1356 1598 Cf.
1385 1555 1780 1596 Buttmann.

974 1617 1218 1658 Grammat.
1244 1611 1459 1668 Amplior.
1488 1610 1621 1653 T.11.
1644 1610 1780 1665 p.111.

972 1688 1066 1727 sqq.
1124 1670 1252 1726 Apud
1278 1671 1511 1712 Platonem
1531 1666 1614 1710 illa
1638 1667 1783 1710 forma

972 1729 1148 1785 saepius
1188 1727 1432 1793 reperitur,
1485 1725 1548 1770 ita
1582 1728 1657 1776 ut,
1701 1723 1782 1766 ubi

971 1789 1192 1830 bonorum
1252 1783 1457 1826 codicum
1518 1781 1782 1823 auctoritate

972 1844 1283 1892 confirmatur,
1321 1854 1410 1886 non
1441 1843 1606 1880 temere
1635 1852 1782 1880 remo-

972 1901 1114 1945 venda
1137 1899 1205 1941 sit.
1261 1871 1417 1951 I’taque
1443 1895 1490 1941 in
1500 1895 1779 1966 Euthydem.

972 1956 1148 2014 1227&
1192 1956 1244 1997 E.
1286 1952 1451 1996 retinui
1491 1948 1781 2006 ἐπεδημησά-

971 2030 1094 2081 την,
1125 2012 1242 2068 quod
1271 2010 1561 2054 Bekkerue
1598 2008 1645 2054 in
1677 2007 1780 2052 ἕπε-

974 2067 1240 2136 δημήσατον
1259 2066 1458 2110 mutavit.
1486 2066 1599 2108 Ibid.
1624 2081 1663 2138 Ρ.
1677 2066 1780 2108 294.

972 2120 1780 2195 Ε.οΡιίιιιί1ἰ1)ι·ἰεότεπαιὸιαηστην

970 2179 1406 2252 Legg.111.p..w5
1430 2183 1486 2222 D.
1515 2180 1595 2223 καὶ
1620 2180 1678 2236 δὴ
1701 2178 1783 2224 καὶ

986 2235 1112 2285 τοῦτ’
1136 2198 1350 2309 ἐλεγέτην.
1379 2239 1508 2294 Lego·
1511 2239 1605 2280 ‚VL
1626 2254 1664 2294 Ρ.
1650 2197 1779 2280 η.753

971 2298 1024 2342 A.
1054 2294 1431 2352 εκοινωνησάτην.
1444 2271 1563 2337 DSed
1578 2295 1650 2336 vel
1666 2295 1781 2337 haec

970 2355 1216 2407 sufficiunt,
1271 2358 1321 2396 ut
1365 2352 1645 2422 intelligatur
1689 2366 1779 2394 non

969 2418 1136 2469 temere
1154 2412 1232 2453 hic
1262 2425 1290 2454 a
1313 2409 1442 2458 nobis
1466 2408 1651 2466 εἰπέτην
1682 2422 1780 2452 esse

969 2475 1289 2518 conservatum.

1028 2551 1129 2610 ἐμοὶ
1139 2551 1225 2612 γὰρ
1239 2551 1501 2598 δοκοῦσιν-
1472 2545 1779 2619 -ᾖσθῆσθαι,

969 2607 1114 2656 ἐπεὶ-
1131 2607 1497 2665 κατασκευάσαι]
1528 2608 1722 2652 Pendet
1708 2623 1777 2650 ιιι

967 2670 1163 2711 finitivus
1186 2683 1214 2712 a
1233 2669 1522 2724 praecedente
1543 2666 1777 2718 δοκοῦσιν,
1810 2695 1829 2704 x

965 2727 1054 2769 hoc
1079 2740 1230 2768 sensu.
1289 2739 1393 2767 nam
1426 2724 1464 2767 si
1496 2738 1593 2766 eam
1623 2737 1776 2778 perce-

965 2788 1086 2839 ptam
1106 2784 1337 2833 haberent,
1366 2796 1441 2825 eos
1465 2780 1658 2823 arbitror
1678 2793 1774 2821 ma—

965 2840 1088 2883 xima
1114 2839 1183 2882 illi
1213 2840 1378 2894 templa
1413 2841 1458 2880 ot
1479 2851 1577 2881 aras
1602 2842 1771 2880 exstru-

966 2901 1114 2941 cturos
1148 2896 1282 2939 fuisse
1321 2895 1604 2949 maximaque
1646 2907 1772 2935 sacra

962 2955 1170 2998 facturos.
1226 2954 1315 2996 Par
1341 2956 1408 2995 est
1439 2950 1775 2994 constructionis

966 3011 1080 3053 ratio
1109 3012 1304 3078 Xenop
1311 3010 1359 3051 h.
1391 3009 1569 3053 Hellen
1597 3008 1692 3052 VII.
1727 3006 1771 3060 1,

964 3067 1036 3111 38.
1077 3063 1196 3139 πρὸς
1224 3026 1304 3110 δεΡ
1293 3062 1477 3115 τούτοις
1504 3063 1583 3107 καὶ
1601 3060 1653 3107 τὸ
1677 3063 1773 3107 τῶν

964 3123 1207 3192 χρημάτων
1259 3124 1442 3178 πλῆθος
1503 3116 1772 3173 ἀλαζονείαν

966 3177 1098 3249 αυτῷ
1115 3183 1266 3225 δοκεῖν
1290 3187 1409 3225 εἰναι
1427 3178 1534 3234 ἔφη·
1575 3176 1674 3223 ἐπεὶ
1690 3176 1773 3222 καὶ

964 3234 1050 3293 τὴν
1065 3224 1361 3305 ὑμνουμένην
1386 3232 1444 3280 ὂὶν
1463 3236 1636 3293 χρυσῆν
1641 3230 1782 3306 affl

965 3310 1107 3337 τανον
1139 3290 1240 3363 οὐχ
1251 3291 1416 3357 ἱκανὴν
1450 3290 1568 3337 εἶναι
1601 3291 1774 3347 τέττιγι

965 3349 1100 3395 σκιὰν
1121 3350 1360 3420 παρέχειν,
1402 3350 1483 3394 ubi
1513 3351 1653 3408 vulgo
1679 3347 1775 3408 ἔφη

965 3413 1065 3465 post
1086 3407 1252 3466 ἱκανήν
1268 3410 1469 3454 iteratur.
