2040 3646
169 164 230 210 VI

166 288 421 366 olympiad.
456 302 716 350 nxxxvn.
754 299 800 346 a.
848 300 895 346 h.
938 314 979 349 e.
1010 315 1051 348 a.
1091 300 1176 347 429
1208 314 1250 347 a.
1275 287 1380 346 chr.
1405 315 1449 348 n.
1468 302 1509 358 ⁸)
1549 302 1762 349 Parentes
1779 301 1866 349 'hu-

166 394 198 439 b
232 393 269 436 't
291 391 544 436 Aristonem
571 393 616 433 et
635 387 946 446 Perictyonem
959 417 972 442 ,
1002 388 1057 431 de
1077 389 1239 444 quibus
1261 388 1503 430 memoriae
1523 389 1641 432 nihil
1659 391 1751 433 fere
1776 395 1868 434 tra-

167 478 311 522 ditum
329 480 410 521 est.
470 477 622 532 Quum
641 488 748 517 vero
773 488 933 516 nomen
952 472 1196 527 Aristoelis,
1225 474 1298 517 avi
1317 474 1400 526 sui,
1435 473 1688 529 accepisset,
1715 479 1869 531 postea

169 574 199 606 a
240 562 423 605 Socrate
453 562 632 616 propter
677 559 968 602 humerorum
1000 563 1077 603 aut
1114 559 1269 602 frontis
1305 557 1586 601 latitudinem
1619 559 1747 608 Plato
1787 575 1866 615 ap-

170 648 359 704 pellatus
387 658 485 688 esse
517 644 691 688 dicitur.
753 645 1136 701 Quemadmodum
1158 646 1307 687 autem
1339 647 1498 686 natura
1531 658 1635 685 eum
1668 645 1870 700 praecla-

172 731 236 775 ris
256 730 429 788 ingenii
448 729 674 785 animique
699 729 900 783 dotibus,
941 729 1247 786 imprimisque
1269 729 1485 772 acerrimo
1507 729 1616 781 veri,
1653 729 1797 784 pulcri
1826 733 1870 773 et

172 815 380 864 sublimis
400 829 531 860 sensu
550 818 799 867 ornaverat,
826 814 890 858 ita
910 816 1087 858 fortuna
1105 829 1208 857 eum
1231 813 1422 868 adiuvit,
1450 820 1500 859 ut
1519 820 1722 869 acceptas
1745 829 1772 857 a
1792 828 1872 857 na-

173 907 276 946 tura
307 902 434 945 dotes
464 899 768 944 doctrinarum
796 895 1046 956 artiumque
1076 914 1158 957 ope
1185 900 1378 943 erudiret
1406 876 1709 956 etlexcoleret.
1782 900 1876 942 Im-

172 989 308 1032 butus
330 990 398 1030 est
421 985 542 1029 enim
564 984 621 1028 iis
644 984 815 1029 artibus
837 985 1057 1038 omnibus,
1086 984 1249 1040 quibus
1272 985 1451 1028 iuvenes
1475 985 1778 1037 Athenienses,
1806 984 1875 1028 in-

173 1065 333 1131 genuis
373 1069 632 1128 parentibus
657 1070 775 1124 nati,
812 1070 981 1114 erudiri
1013 1071 1237 1122 solebant,
1278 1070 1412 1126 idque
1447 1084 1500 1113 eo
1534 1074 1756 1126 tempore,
1784 1081 1874 1124 quo

175 1165 292 1218 artes
316 1171 369 1201 ac
386 1155 645 1212 disciplinae
666 1155 715 1198 in
737 1155 918 1204 civitate,
939 1156 1214 1199 Athenarum
1241 1156 1297 1199 ad
1319 1170 1536 1199 summam
1560 1169 1698 1212 paene
1726 1159 1875 1198 matu-

175 1243 358 1287 ritatem
379 1244 684 1297 pervenerant.
755 1238 954 1284 Devictis
980 1240 1099 1284 enim
1115 1245 1234 1285 terra
1254 1236 1466 1296 marique
1483 1241 1689 1284 hostibus
1714 1240 1874 1283 exteris

177 1332 222 1372 et
239 1328 474 1371 universae
491 1326 708 1370 Graeciae
726 1326 935 1370 libertate
956 1326 1194 1379 vindicata,
1221 1326 1528 1379 Athenienses,
1567 1325 1695 1382 quasi
1722 1339 1876 1368 rerum

175 1412 446 1458 bellicarum
474 1412 676 1456 satietate
707 1412 849 1468 capti,
899 1411 1020 1468 pacis
1061 1411 1230 1455 artibus
1258 1415 1379 1456 tanto
1412 1411 1557 1454 studio
1587 1422 1767 1467 operam
1795 1424 1876 1454 na·-

177 1510 284 1543 vare
313 1502 575 1555 coeperant,
604 1498 655 1540 ut
683 1507 839 1540 eorum
867 1498 976 1540 urbs
1004 1494 1130 1540 sedes
1160 1495 1287 1552 quasi
1319 1509 1372 1540 ae
1401 1494 1681 1539 domicilium
1710 1496 1873 1539 artium

177 1590 309 1641 atque
335 1582 639 1627 doctrinarum
660 1581 917 1626 liberalium
937 1584 1193 1627 haberetur.
1233 1582 1353 1625 Tum
1375 1581 1592 1638 praeclari
1616 1581 1878 1637 exstiterunt

176 1666 469 1714 historiarum
484 1668 736 1724 scriptores,
764 1668 1050 1726 Thucydides
1062 1673 1105 1711 et
1119 1669 1378 1724 Xenophon,
1409 1667 1675 1723 qniPlatoni
1689 1667 1781 1709 fere
1803 1680 1877 1710 ae-

177 1755 332 1812 quales
363 1755 566 1806 fuerunt,
606 1758 704 1797 tum
731 1754 778 1797 in
805 1767 983 1798 scenam
1011 1753 1268 1811 prodierunt
1306 1753 1549 1809 Sophocles
1578 1756 1711 1808 atque
1740 1752 1873 1796 Euri-

178 1819 316 1898 pides,
346 1843 392 1883 et
417 1839 465 1882 in
497 1839 673 1882 diverso
701 1854 865 1896 genere
891 1838 1206 1896 Aristophanes
1237 1843 1281 1882 et
1309 1838 1576 1891 Menander,
1609 1838 1686 1894 qui
1715 1837 1876 1881 ceteris

178 1925 319 1982 poetis
350 1939 488 1982 paene
525 1924 730 1969 omnibus
763 1927 957 1982 palmam
995 1925 1358 1981 praeripuerunt3
1398 1928 1495 1967 tum
1533 1923 1783 1979 eloquentia
1812 1921 1876 1967 ita

179 2011 269 2055 coli
293 2010 562 2066 tractarique
591 2014 745 2066 coepta
766 2014 857 2064 est,
898 2015 950 2055 ut
979 2010 1056 2066 qui
1082 2010 1325 2067 plurimum
1354 2023 1408 2052 ea
1438 2009 1657 2061 valerent,
1695 2009 1729 2050 ii
1757 2018 1877 2051 sum-

178 2105 300 2142 mam
322 2095 574 2139 incivitate
604 2097 911 2165 auctoritatem
938 2096 1497 2150 facile-consequerentur;
1550 2098 1647 2136 tum
1676 2093 1878 2149 philoso-

176 2182 285 2239 phia
313 2194 341 2225 a
370 2168 639 2226 Socrate‘ab
667 2180 868 2225 inanium
894 2192 1043 2224 rerum
1073 2179 1404 2238 quaestionibus
1430 2182 1618 2222 avocata
1641 2182 1685 2222 et
1713 2178 1769 2221 ad
1798 2192 1873 2221 ex·
1935 2229 1938 2232 ⁴

177 2267 439 2324 plorandam
476 2267 711 2310 hominum
749 2266 888 2309 vitam
928 2278 1163 2321 moresque
1206 2265 1498 2308 emendandos
1538 2262 1741 2307 traducta
1777 2265 1871 2314 θείς

177 2353 365 2408 denique
402 2353 484 2395 illa
522 2355 665 2395 aetate
705 2352 862 2396 literae
900 2366 952 2395 ac
990 2351 1249 2407 disciplinae
1292 2359 1444 2392 omnes
1475 2347 1539 2390 ita
1571 2346 1787 2399 floruere,
1824 2349 1875 2390 ut

174 2450 252 2481 eas
285 2438 442 2480 eodem
475 2440 673 2493 tempore
708 2440 752 2479 et
784 2439 909 2480 natas
945 2440 990 2479 et
1021 2449 1160 2491 paene
1192 2434 1410 2491 perfectas
1452 2444 1548 2475 esse
1571 2432 1730 2475 merito
1751 2430 1870 2473 dixe-

174 2521 252 2565 ris.
310 2521 465 2578 Itaque
488 2537 578 2565 non
604 2522 858 2564 mirandum
884 2524 965 2574 est,
995 2520 1111 2575 quod
1139 2519 1282 2570 Plato,
1313 2529 1451 2573 quum
1481 2516 1651 2574 insigni
1679 2516 1870 2571 quadam

174 2611 359 2650 naturae
387 2608 585 2650 bonitate
614 2607 865 2659 excelleret,
895 2605 942 2648 in
971 2605 1177 2647 omnibus
1206 2602 1296 2647 illis
1319 2603 1492 2646 artibus
1509 2634 1522 2655 ,
1551 2602 1714 2657 quibus
1745 2605 1869 2644 aetas

173 2691 358 2747 puerilis
386 2692 554 2735 erudiri
583 2693 776 2744 solebat,
814 2690 1059 2746 plurimum
1098 2688 1335 2746 profecisse
1378 2689 1575 2743 adeoque
1614 2686 1868 2742 aequalium

173 2791 354 2819 suorum
383 2776 727 2819 admirationem
756 2779 932 2831 propter
959 2789 1108 2818 raram
1138 2789 1291 2817 earum
1334 2772 1566 2815 scientiam
1594 2776 1767 2814 mature
1795 2784 1887 2812 ex-.

174 2861 332 2903 citasse
370 2865 590 2904 narratur.
659 2860 727 2903 De
767 2870 856 2915 qua
885 2874 934 2902 re
973 2869 1086 2914 quae
1113 2859 1383 2915 posteritatis
1433 2857 1675 2901 memoriae
1704 2855 1866 2898 tradita

169 2950 296 2999 sunt,
325 2945 430 3000 quia
459 2960 640 2989 narrare
667 2947 855 3003 longum
884 2949 950 2989 est
978 2950 1022 2989 et
1050 2958 1078 2990 a
1118 2949 1269 2988 nostro
1313 2943 1514 2988 instituto
1554 2943 1776 2994 alienum,
1804 2938 1868 2984 si-

220 3236 258 3294 *)
288 3236 492 3282 Aliorum
522 3237 756 3282 sententias
783 3237 1003 3282 recensuit
1031 3235 1197 3282 Astiu
1215 3254 1233 3283 s
1263 3252 1306 3295 p.
1342 3235 1398 3282 14
1433 3246 1497 3293 sq'.
1556 3232 1613 3278 Et
1642 3249 1684 3276 v.
1713 3229 1858 3290 ipsum

331 3294 400 3337 Co
412 3311 464 3337 rs
484 3297 534 3339 in
553 3298 606 3338 iu
619 3313 662 3339 m
700 3298 860 3352 disput.
886 3299 940 3339 de
970 3298 1108 3339 natali
1137 3297 1208 3338 die
1242 3297 1470 3346 Platonis,
1515 3294 1613 3336 eius
1643 3297 1784 3333 aetate
1814 3294 1858 3331 0¹2

326 3351 562 3397 itineribus
592 3355 760 3397 inoltul.
784 3355 831 3398 in
858 3355 1032 3398 Gorii
1059 3355 1260 3410 Symbol.
1297 3354 1503 3399 Litterar.
1549 3352 1606 3394 Τ.
1631 3350 1701 3392 VI.
1732 3363 1774 3403 1³-
1802 3346 1860 3388 83

326 3423 419 3463 §qq-
