2040 3646
323 164 429 226 144
977 164 1338 229 PLATONIS

331 300 626 382 Θετταλίᾳ,
669 298 847 381 ωςπερ
868 301 953 362 ἐπὶ
979 305 1201 364 δεῖπνον
1229 302 1662 385 αποδεδημηκώς
1692 307 1771 380 εἰς
1806 311 2010 368 Θεττα-

323 388 480 455 λίανς
539 384 698 465 λόγοι
734 388 795 446 δὲ
830 388 1024 447 ἐκεῖνοι
1059 389 1115 447 οἱ
1151 391 1275 468 περὶ
1311 389 1672 470 δικαιοσύνης
1706 414 1761 451 τε
1795 395 1888 452 καὶ
1911 399 2013 474 τῆς

198 478 283 539 54
326 470 497 551 ἄλλης
536 468 732 576 αρετῆς
765 477 883 532 ποῦ
885 471 1074 580 ’,ἡμῖν
1078 474 1325 542 ἕσονταις
1364 471 1525 533 'AM-ci
1564 474 1636 556 δὴ
1667 481 1776 536 τῶν
1798 479 2011 538 παίδων

320 558 475 617 ἕνεκα
497 553 688 632 βούλει
713 561 838 636 ζῆν,
883 560 971 616 ἱνα
999 555 1207 631 αὐτοὺς
1229 559 1506 635 ἐκθρέψῃς
1545 563 1640 618 καὶ
1673 561 2013 639 παιδεύσηςς

319 643 375 702 τί
412 643 537 708 δαίς
589 643 666 715 εἰς
708 644 1004 701 Θετταλίαν
1053 641 1265 718 αὐτους
1273 641 1516 753 ..ἀγαγών
1548 645 1778 721 θρέψεις
1822 669 1878 706 τε
1913 649 2011 706 καὶ

319 724 663 800 παιδεύσεις,
696 724 912 832 ξένους
948 727 1215 808 ποιήσας,
1270 731 1359 788 ἵνα
1399 731 1492 788 καὶ
1528 729 1695 789 τοῦτό
1731 745 1842 790 σου
1866 729 2008 791 ἀπο-

318 811 634 879 λαύσο)6ιν;
684 807 725 891 ἢ
758 818 926 872 τοῦτο
963 836 1061 889 μεν
1097 811 1198 886 ου’,
1245 811 1425 875 αὐτοῦ
1459 814 1518 873 δε
1542 813 1870 893 τρεφόμενοι
1894 821 2007 877 σοῦ

319 902 524 972 ζωντος
547 898 759 974 βέλτιον
781 898 1087 975 θρέψονται
1111 900 1205 957 καὶ
1238 898 1438 958 παιδευ
1428 913 1656 971 σονται,
1699 898 1776 980 μή
1804 899 2007 971 ξυνόν-

315 1005 410 1054 τος
434 987 544 1042 σοῦ
575 980 799 1054 αυτοῖς,·
841 983 897 1041 οι
921 979 1025 1060 γὰρ
1050 982 1341 1064 ἐπιτήδειοι
1367 984 1422 1042 οι
1461 985 1552 1042 σοὶ
1586 985 2004 1065 ἐπιμελήσονται

316 1065 516 1128 αυτῶν.
552 1066 556 1067 ’
614 1065 849 1149 πότερον
884 1065 979 1128 ἐαν
1015 1090 1114 1146 μεν
1158 1071 1235 1142 εἰς
1279 1070 1578 1129 Θετταλίαν
1622 1067 2006 1151 αποδημήσῃς,

368 1274 570 1338 πότερον
599 1273 682 1322 ἐὰν
709 1274 822 1334 μὲν]
865 1276 1036 1335 Optimi
1070 1276 1194 1320 codd.
1224 1276 1312 1323 hoc
1342 1275 1428 1334 μέν
1454 1276 1675 1326 omittunt.
1740 1277 1842 1323 Non
1868 1281 2005 1332 recte,

311 1419 505 1475 iisque
533 1419 671 1462 adeo
701 1418 933 1464 servias.
975 1419 1129 1475 Itaque
1194 1418 1311 1475 quod
1347 1420 1403 1462 ab
1432 1420 1572 1461 altero
1599 1418 1736 1474 possit
1756 1417 1915 1471 obiici,
1956 1417 2003 1462 id

310 1479 503 1521 aiterum
523 1477 808 1533 opprobrium
845 1478 987 1520 multo
1023 1491 1129 1533 gra-
1194 1491 1302 1531 quas
1284 1477 1320 1519 i
1346 1484 1584 1532 occupetur
1602 1491 1653 1518 ac
1674 1477 1822 1519 statim
1850 1477 2004 1519 redar-

308 1536 409 1578 vius
432 1541 498 1578 est
508 1549 670 1591 prlore
700 1534 962 1590 praesertim
981 1535 1023 1576 ei
1045 1535 1126 1577 ob-
1191 1540 1378 1605 guntur.
1432 1535 1499 1576 De
1521 1535 1617 1589 Rep
1620 1534 1712 1576 ubl.
1737 1535 1789 1576 X.
1833 1549 1875 1589 p.
1900 1532 2001 1577 600.

307 1592 501 1645 iectum,
532 1592 610 1648 qui
633 1592 840 1634 servilem
869 1592 999 1634 istam
1021 1607 1126 1634 con·
1189 1593 1241 1635 A.
1274 1587 1386 1635 ἀλλὰ
1407 1588 1465 1646 δὴ
1490 1592 1534 1634 εἰ
1552 1591 1615 1647 μὴ
1650 1591 1870 1651 δημοσίᾳ,
1902 1590 2002 1659 ἰδίᾳ

309 1651 522 1693 ditionem
555 1649 746 1692 maxime
779 1650 946 1692 oderat.
1012 1650 1124 1692 Ante
1188 1648 1309 1692 τισὶν
1359 1645 1544 1718 ἡγεμών
1584 1649 1800 1698 παιδείας
1861 1641 2003 1699 αὐτὸς

309 1709 356 1757 τί
367 1708 516 1751 ποιῶν
527 1714 675 1749 autem
689 1707 805 1762 quod
827 1709 857 1750 S
871 1722 895 1748 c
906 1707 960 1748 hl
973 1721 997 1747 e
1009 1706 1024 1748 i
1035 1721 1090 1748 er
1100 1732 1129 1753 -,
1188 1706 1278 1757 ζ’ὦν
1320 1705 1494 1761 λέγεται
1521 1700 1729 1773 “Ganges
1767 1703 1999 1774 γενέσθαι.

306 1778 354 1807 ιιι
366 1766 467 1807 ach
481 1779 539 1806 er
551 1779 576 1806 u
592 1780 612 1806 s
637 1780 715 1807 και
707 1763 1007 1806 'inserendum
1019 1778 1121 1805 cen-

308 1822 424 1874 suit,
467 1835 522 1864 ne
556 1823 642 1863 hoc
675 1821 853 1876 quidem
881 1835 989 1888 opus
1024 1834 1120 1863 esse

306 1875 497 1922 videtur.
555 1879 730 1935 Quippe
761 1877 1007 1921 arctissime
1034 1878 1120 1922 ista

308 1950 409 1978 cum
454 1936 818 1992 praecedentibus
861 1936 1006 1978 verbis
1043 1950 1117 1979 co·-

304 1993 515 2045 haerent,
545 2008 795 2048 quanquam
814 1993 920 2035 hinc
939 1993 1118 2036 demum

305 2051 477 2092 orditur
499 2025 804 2107 interlogatio.
863 2052 988 2118 Quae
1016 2065 1119 2092 cum

302 2107 368 2150 ita
388 2107 500 2160 sint,
530 2123 607 2163 pos
589 2113 628 2150 t
653 2104 884 2152 δουλεύων
906 2108 1011 2150 satis
1037 2107 1119 2150 ha·-

303 2163 483 2207 buimus
519 2165 738 2207 minorem
777 2180 940 2221 ponere
982 2166 1120 2207 inter-

302 2221 612 2278 punctionem,
656 2234 794 2278 quum
824 2224 962 2278 vulgo
990 2223 1117 2278 plene

302 2279 663 2335 distingueretur.
694 2281 858 2323 Sensus
882 2280 1014 2322 totius
1028 2280 1118 2322 loci

302 2336 378 2378 hic
404 2351 451 2378 e
447 2344 494 2379 t
550 2335 720 2379 Vives
760 2337 950 2394 igitur
978 2338 1115 2380 adu-

299 2392 454 2436 lator
495 2394 817 2448 adeoque
862 2407 1114 2437 servus

301 2451 406 2494 ali
431 2462 546 2492 oru
569 2466 641 2494 ιιι·
703 2451 839 2506 quid
895 2466 1110 2506 quaeso

301 2496 462 2550 aliud
504 2509 730 2550 faciens
773 2523 934 2564 quam
977 2524 1112 2551 con-

299 2565 502 2608 vivans
533 2566 585 2607 in
616 2566 950 2618 Thessalia,
984 2580 1112 2621 qua-

298 2622 344 2664 si
386 2623 453 2664 ad
490 2624 721 2678 epulum
766 2622 1044 2678 quoddam
1083 2635 1108 2666 e

295 2679 492 2735 patria
553 2681 842 2734 profectus
899 2680 979 2722 sis
1050 2681 1107 2723 in

296 2737 707 2779 Thessaliam?
764 2737 855 2780 Nec
881 2752 985 2779 vcro
1014 2737 1109 2780 sine

295 2793 341 2834 vi
356 2793 499 2835 Thes.-
488 2794 669 2836 aliabis
686 2801 1070 2837 commemoratur.
1081 2819 1109 2828 -

292 2850 362 2891 De
394 2850 604 2905 proximis
643 2852 698 2894 cf.
726 2851 908 2894 Axioch.
942 2868 983 2921 p.
1006 2849 1104 2895 124.

290 2899 482 2962 Ἀξί,οχε
513 2908 560 2950 τί
584 2909 757 2960 vaih-a,-
798 2909 892 2952 ποῦ
919 2906 977 2952 τὰ
993 2906 1106 2967 πρό-

292 2967 408 3008 σθεν
437 2961 706 3035 αὕχήματας
759 2965 949 3036 Eurip.
992 2966 1108 3037 Sup-

289 3021 396 3077 plic.
434 3036 474 3066 v.
512 3023 608 3065 127.
648 3016 701 3066 τὸ
744 3018 782 3066 δ’
806 3019 982 3090 ’Ἄργος
994 3019 1106 3079 υμῖν

289 3079 384 3121 ποῦ
427 3073 567 3131 ’στινς
626 3075 654 3134 ὴ
695 3073 879 3133 ’κόμπει
919 3076 1103 3136 μάτην;

286 3135 427 3178 Plura
469 3113 593 3179 dabit
625 3138 873 3180 Valcken.
923 3138 982 3182 ad
1013 3140 1104 3180 Eu-

285 3192 370 3249 rip.
401 3193 632 3236 Phoeniss.
655 3193 847 3238 v.1682.

340 3304 392 3348 P.
425 3302 495 3349 54.
553 3300 678 3351 Ἀλλὰ
713 3302 771 3363 δὴ
795 3305 889 3351 τῶν
916 3307 1100 3352 παίδων

284 3354 418 3406 ἕνεκα
439 3363 502 3419 β.]
534 3364 586 3408 Ιιι
610 3365 684 3406 his
709 3323 821 3408 αλλὰ
844 3363 917 3433 δή
927 3370 992 3409 cst
1017 3373 1099 3417 at,

280 3415 540 3475 inquies,
599 3421 867 3479 poniturque
890 3421 991 3477 ita,
1048 3428 1100 3466 ut

1186 1764 1369 1835 Protag.
1370 1779 1435 1832 p.
1461 1762 1561 1805 338.
1583 1763 1632 1805 C.
1664 1758 1777 1806 ἀλλὰ
1814 1759 1870 1818 δὴ
1903 1762 1999 1818 βελ-

1184 1820 1319 1864 τίονα
1358 1816 1487 1876 ἡμῶν
1530 1818 1793 1879 αἱρήσεσθε.
1841 1821 1921 1862 ubi
1956 1835 1999 1864 v.

1183 1877 1484 1921 Heindorf.
1513 1878 1577 1922 Cf.
1597 1892 1796 1934 suprap.
1820 1877 1890 1920 48.
1912 1877 1967 1924 A.

1243 1990 1320 2035 ινα
1341 2007 1420 2035 και
1437 1987 1576 2036 τοῦτό
1610 2004 1694 2035 σου
1722 1985 2000 2036 ἀπολαύσω-

1185 2050 1313 2106 6tv3]
1343 2051 1537 2092 Verbum
1561 2043 1838 2101 ἀπολαύειν,
1876 2050 1998 2105 quod

1182 2107 1361 2163 proprie
1378 2107 1432 2149 de
1453 2109 1586 2149 rebus
1608 2106 1739 2149 bonis
1758 2112 1813 2149 ‘et
1839 2105 1998 2150 iucun-

1183 2165 1250 2206 dis
1273 2164 1458 2217 dicitur,
1489 2179 1591 2206 cum
1614 2164 1762 2207 Attica
1786 2165 1996 2224 εἰρωνεία

1184 2197 1498 2277 saepenumero
1520 2229 1759 2277 usurpatur
1778 2223 1914 2264 etiam
1941 2208 1995 2264 de

1181 2281 1316 2321 rebus
1349 2280 1497 2321 malis.
1556 2279 1697 2340 Legg.
1741 2294 1781 2350 Ρ.
1801 2278 1905 2346 9103
1937 2279 1992 2322 Β.

1180 2336 1262 2379 καὶ
1302 2337 1431 2380 πᾶσα
1470 2332 1618 2405 αὕτως
1655 2342 1683 2392 ἡ
1718 2335 1850 2385 πόλις
1876 2331 1996 2379 ἀπο-

1179 2391 1298 2451 λαύῃ
1330 2396 1424 2437 τῶν
1467 2388 1643 2449 ἀσεβῶν
1676 2391 1852 2461 τρόπον
1883 2390 1991 2436 τινὰ

1178 2452 1379 2501 δικαιως.
1409 2450 1633 2493 Lucian.
1659 2450 1991 2515 Dmlog.De01-.

1176 2509 1231 2551 Χ
1264 2509 1374 2552 Sol.
1416 2507 1615 2551 τοιαῦτα
1642 2503 1991 2551 ἀπολαύσονται

1176 2567 1271 2608 τῶν
1322 2561 1437 2614 Διὸς
1483 2561 1680 2634 ἐρώτων.
1741 2564 1988 2608 Mercur

1173 2619 1368 2673 Σιώπα,
1423 2615 1459 2665 ὦ
1483 2616 1639 2670 Ἡλιε,
1677 2618 1739 2678 μή
1772 2638 1818 2665 τι
1842 2620 1990 2667 κακὸν

1175 2675 1445 2738 ἀπολαύσῃς
1465 2680 1557 2724 ταῖν
1576 2675 1737 2734 λόγων.

1231 2760 1443 2821 αύτοῦ]ε
1425 2765 1519 2809 scil
1535 2765 1789 2809 Athenis,
1815 2788 1845 2797 -
1869 2763 1986 2806 Dein

1173 2822 1527 2880 θρέψονται
1576 2823 1677 2866 καὶ
1728 2818 1985 2865 παιδεύ-

1172 2892 1383 2923 σονται
1413 2880 1670 2935 accipienda
1693 2884 1794 2921 s'unt
1829 2880 1985 2932 παθη-

1169 2938 1322 2986 τικῶς.
1352 2938 1405 2980 cf.
1433 2938 1623 2981 Matth.
1650 2941 1690 2991 §.
1713 2935 1810 2979 496.
1835 2940 1983 2980 annot.

1171 2993 1212 3037 4.
1243 2996 1443 3038 Buttm.
1468 2998 1508 3048 §-
1532 2995 1628 3038 123.
1656 2994 1699 3037 3.

1227 3078 1429 3148 πότερον
1466 3076 1546 3123 εὰν
1573 3095 1657 3135 μεν
1692 3078 1757 3128 εἰς
1795 3078 1849 3121 Θ.
1866 3077 1886 3132 ]
1917 3076 1983 3120 Ne

1168 3138 1268 3193 quis
1305 3138 1488 3180 haereat
1532 3137 1578 3179 in
1629 3137 1717 3178 hoc
1757 3134 1984 3191 asyndeto,

1169 3196 1310 3238 solent
1348 3194 1588 3237 sententiae
1617 3192 1718 3236 aliis
1750 3206 1852 3233 cum
1877 3204 1983 3247 gra-

1167 3252 1303 3295 vitate
1332 3253 1524 3307 quadam
1568 3249 1794 3306 oppositae
1831 3261 1983 3301 saepe-

1166 3320 1352 3352 numero
1392 3309 1487 3351 sine
1518 3307 1738 3364 particula
1775 3305 1982 3348 adversa-

1165 3366 1258 3409 tiva
1292 3365 1525 3410 enuntiari.
1596 3365 1753 3418 Itaque
1788 3375 1875 3403 non
1913 3363 1980 3401 est
2039 3392 2040 3414 1

1165 3419 1283 3480 quod
1331 3436 1435 3466 cum
1474 3421 1727 3466 Eusebio
1773 3416 1980 3475 legamus
