2040 3646
79 311 187 357 -eius
217 310 551 369 explicationem
579 309 641 369 acx
658 310 1084 356 demonstrationem
1110 310 1354 369 plurimum
1387 310 1548 360 valent.
1594 311 1684 358 ‘Sic
1712 314 1761 359 iu

81 397 270 440 Critone
287 398 514 448 Socratem
531 399 763 442 defendens
781 400 838 442 ab
860 398 940 441 illo
959 397 1166 451 crimine,
1205 412 1293 454 quo
1314 398 1500 461 iuvenes.
1521 397 1585 443 ita
1610 398 1764 444 cerru-

91 481 208 538 pisse
224 483 461 538 ferebatur,
483 488 533 529 ut
548 484 726 541 legibus
740 483 929 540 publicis
947 487 1160 540 negarent
1181 483 1493 545 obedIentIam,
1521 484 1655 530 simul
1675 485 1765 529 hoc

80 566 215 623 agit,
242 573 293 611 ut
313 570 431 612 bono
449 569 549 613 viro
569 569 618 612 in
639 568 761 613 omni
786 568 902 612 vitae
923 568 1171 611 conditione
1188 567 1403 612 iustitiam
1430 570 1692 614 servandam
1721 574 1770 615 ot

92 652 271 708 legibus
290 655 457 710 patriae
476 654 804 710 obsequendum
826 667 922 696 esse
947 652 1113 699 doceat.
1168 653 1467 700 InPhaedone
1487 667 1620 711 porro
1632 669 1771 712 prae·-

95 740 298 793 terquam
316 740 435 795 quod
454 738 799 785 immortalitatis
825 738 960 781 fidem
989 737 1263 795 argumentis
1293 739 1547 794 confirmat,
1585 755 1673 784 non
1697 755 1772 784 so-

96 822 194 864 lum
211 823 322 866 alios
346 824 558 879 quosdam
578 823 803 867 doctrinae
819 837 924 866 suae
946 824 1066 866 locos
1086 822 1304 878 explicat,
1329 823 1409 868 sed
1424 824 1560 869 etiam
1576 825 1772 870 Socratis

88 907 324 951 morientis
345 907 588 965 imaginem
608 912 710 952 ante
728 909 879 952 oculos
906 906 1153 964 legentimn
1180 907 1317 964 ponit.
1373 909 1426 952 In
1451 908 1581 952 libris
1613 910 1669 954 de
1701 925 1776 954 re-

98 991 303 1047 publica,
332 1007 470 1048 quum
491 994 545 1036 de
562 993 731 1037 iustitia
747 997 793 1038 et
812 992 980 1037 virtute
996 992 1211 1049 disputari
1227 992 1452 1048 videatur,
1489 998 1637 1038 tamen
1654 995 1776 1051 prin-

100 1076 203 1132 ce'ps
214 1078 411 1133 quaestio
429 1083 496 1123 est
520 1079 576 1121 de
586 1078 750 1135 optima
765 1078 960 1132 civitate,
986 1078 1110 1122 cuius
1127 1077 1278 1135 imago
1293 1080 1510 1135 quaedam
1538 1079 1775 1125 adumbra-
1804 1079 1806 1081 ’

102 1141 198 1207 ειη-,ἶ
244 1162 332 1206 Sed
359 1160 449 1207 non
474 1168 541 1207 est
569 1164 686 1219 quod
712 1164 842 1219 plura
871 1162 1006 1206 huius
1039 1162 1162 1206 modi
1189 1165 1388 1221 exempla
1411 1178 1778 1220 commemorem,

101 1261 216 1303 quae
235 1261 261 1292 e
282 1248 471 1306 singulis
486 1250 579 1292 fere
594 1248 791 1292 Platonis
814 1247 989 1304 scriptis
1008 1252 1158 1304 petere
1186 1248 1332 1297 liceat.
1389 1249 1486 1297 Non
1507 1250 1654 1307 inepte
1669 1264 1779 1294 vero

102 1329 355 1377 indicarunt
381 1334 459 1391 qui
486 1334 567 1378 has
596 1333 871 1390 quaestiones
887 1333 1075 1389 principi
1092 1332 1380 1390 disputationi
1402 1334 1629 1379 adiunctas
1655 1348 1782 1380 ‘com-

105 1424 368 1474 paraverunt
388 1434 491 1463 cum
509 1419 756 1462 actionibus
786 1418 879 1462 illis
912 1417 1182 1463 secundariis
1208 1419 1464 1463 fabularum
1494 1419 1780 1466 scenicarum.

108 1505 490 1567 Quemadmodum
516 1504 636 1547 enim
664 1503 772 1548 illae
796 1518 900 1547 cum
931 1503 1163 1548 universae
1192 1505 1371 1548 fabulae
1391 1496 1653 1562 argumento
1683 1510 1786 1562 apte

98 1589 374 1644 cohaerent,
411 1590 476 1634 ita
501 1594 554 1633 ut
583 1589 626 1632 ei
652 1589 914 1632 illustrando
943 1589 1135 1633 maxime
1157 1589 1422 1648 inserviant,
1463 1589 1529 1642 ita
1549 1589 1685 1634 etiam
1706 1604 1786 1634 eae

109 1678 256 1730 partes
273 1689 526 1718 sermonum
542 1674 873 1718 Platonicorum
886 1706 899 1730 ,
929 1689 1042 1730 quae
1057 1674 1226 1719 animos
1253 1674 1502 1733 legentium
1531 1689 1560 1719 a
1588 1674 1790 1732 principe

110 1758 405 1816 disputatione
428 1774 613 1805 avocare
632 1759 851 1813 videntur,
881 1774 985 1803 cum
1017 1759 1151 1805 tetius
1181 1760 1329 1817 operis
1356 1773 1531 1805 summa
1551 1768 1644 1807 tam
1667 1761 1790 1804 arcte

113 1849 218 1889 sunt
236 1860 454 1890 connexae
474 1850 520 1890 ct
540 1847 796 1903 copulatae,
825 1849 876 1889 ut
895 1845 1022 1901 quasi
1047 1860 1127 1903 pro
1162 1845 1375 1889 membris
1404 1845 1570 1902 integri
1593 1845 1791 1901 corporis

114 1930 274 1975 haberi
303 1931 503 1975 debeant.
546 1932 686 1987 'Quae
715 1945 854 1987 quum
883 1930 949 1974 ita
979 1930 1090 1984 sint,
1129 1930 1330 1975 desinant
1358 1931 1536 1975 tandem
1554 1929 1792 1986 aliquande

115 2015 347 2059 Platonem
370 2017 635 2072 vituperare,
670 2016 787 2072 quod
813 2030 866 2060 ea
886 2016 1162 2060 sermonibus
1188 2015 1280 2059 suis
1307 2015 1623 2069 immiscuerit,
1679 2029 1794 2071 quae

119 2114 149 2144 a
164 2115 214 2143 re
240 2104 284 2143 et
319 2101 542 2158 proposito
576 2100 722 2144 aliena
747 2101 1000 2154 videantur,
1050 2106 1183 2156 atque
1212 2109 1362 2144 seeum
1393 2104 1599 2157 reputent
1626 2098 1796 2157 dial-ogi

119 2185 351 2230 dramatici
371 2185 576 2242 scriptori
600 2185 719 2228 idem
735 2199 830 2228 esse
854 2185 1202 2238 concedendum,
1230 2186 1348 2243 quod
1372 2184 1420 2229 in
1440 2184 1583 2241 poetis
1612 2184 1798 2230 scenicis

119 2285 271 2351 omnes
291 2272 528 2327 probamus
563 2275 695 2326 atque
716 2270 960 2314 laudamus.
1027 2276 1029 2278 '

288 2357 355 2399 Et
363 2356 480 2398 haee
497 2356 677 2412 quidem
697 2356 752 2399 de
774 2360 869 2400 arte
888 2370 940 2399 ac
962 2354 1204 2399 disserendi
1220 2354 1411 2428 ratione,
1449 2347 1601 2411 qualis
1627 2354 1675 2399 in
1695 2328 1799 2401 Pla·-

123 2441 239 2485 tonis
260 2441 537 2484 sermonibus
558 2442 794 2498 conspicua
819 2445 907 2495 est,
934 2442 983 2484 in
1012 2441 1281 2486 universum.
1341 2442 1471 2498 Quae
1496 2454 1553 2484 ne
1580 2440 1679 2496 quis
1704 2440 1801 2498 opi·-

108 2531 251 2570 ·netur
270 2526 325 2569 de
349 2526 554 2570 omnibus
572 2527 738 2583 pariter
759 2527 931 2580 valere,
982 2526 1312 2570 meminerimus
1347 2540 1423 2569 eos
1454 2530 1498 2569 et
1523 2525 1699 2569 diversa
1725 2528 1803 2569 ae-

124 2614 215 2654 tate
248 2625 344 2653 esse
376 2611 638 2668 compositos
669 2616 714 2655 et
740 2626 821 2668 pro
851 2612 1105 2669 argumenti
1135 2615 1293 2655 natura
1319 2610 1489 2654 variam
1521 2609 1689 2652 habere
1712 2609 1804 2652 for-

124 2710 245 2740 mam
264 2702 395 2752 atque
415 2697 622 2753 speciem.
679 2697 792 2741 Nam
810 2697 888 2753 qui
905 2697 1056 2754 scripti
1081 2701 1184 2740 sunt
1199 2710 1264 2740 <eo
1288 2700 1507 2752 tempore,
1549 2708 1635 2750 quo
1654 2693 1804 2750 philo-

125 2781 289 2837 sophus
315 2781 586 2825 Socraticam
614 2782 894 2838 disciplinam
933 2787 977 2826 et
1015 2783 1234 2826 rationem
1271 2780 1626 2836 amplexabatur,
1672 2779 1720 2823 in
1746 2777 1804 2822 iis

126 2870 286 2922 regnat
302 2867 393 2908 t'ere
419 2867 738 2922 Xenophontea
757 2867 948 2911 facilitas
981 2871 1025 2910 et
1059 2863 1341 2923 simplicitas3
1379 2864 1612 2921 aequabile
1642 2867 1687 2908 et
1707 2850 1817 2906 mo·-¹

128 2949 330 2992 deratum
347 2950 587 2993 disserendi
607 2966 772 3009 genus‚·
821 2952 967 2995 minus
987 2952 1110 2995 adest
1129 2955 1306 2995 ornatus
1325 2949 1512 3005 poetici3
1547 2946 1807 2991 subtilitatis

129 3047 182 3078 ac
202 3033 487 3078 sublimitatis
513 3036 639 3091 quasi
660 3038 876 3092 quaedam
894 3037 1046 3089 initia3
1075 3049 1326 3093 quanquam
1348 3027 1426 3091 qui
1447 3031 1659 3091 proximis
1681 3030 1807 3074 annis

131 3123 234 3162 ante
257 3118 451 3163 Socratis
473 3120 647 3165 obitum
666 3123 740 3164 vel
757 3123 907 3180 paullo
927 3126 1026 3178 post
1046 3121 1211 3165 conditi
1230 3119 1432 3164 videntur
1445 3150 1458 3172 ,
1485 3118 1534 3162 in
1548 3117 1604 3160 iis
1623 3116 1808 3160 virtutes

132 3217 284 3246 omnes
325 3204 498 3261 ingenii
524 3206 745 3249 Platonici
778 3207 903 3262 quasi
937 3208 1182 3263 promicant
1211 3204 1445 3262 paullatim
1474 3206 1519 3246 et
1557 3198 1811 3256 exsplende-

132 3268 284 3341 scunt,
313 3294 363 3332 ut
384 3290 514 3333 facile
531 3290 755 3347 intelligas
776 3291 1091 3348 philosophum
1123 3293 1178 3336 ad
1198 3304 1370 3334 summa
1401 3299 1600 3345 quaeque
1633 3286 1811 3327 conten-

135 3372 238 3417 dere
264 3387 407 3433 ueque
438 3374 486 3420 in
507 3380 755 3421 ceterorum
785 3375 1049 3436 scriptorum
1079 3375 1386 3423 mediocritate
1413 3370 1667 3420 subsistere.
1722 3367 1815 3413 1¹2²-
