2040 3646
277 178 380 238 108

931 177 1223 232 PLATON
1227 178 1288 231 IS

278 311 433 383 θεοί,
475 311 604 371 οἵτε
633 306 788 372 ἄλλοι
814 312 906 371 καὶ
932 311 965 372 ὁ
995 318 1094 393 τῆς
1121 310 1374 394 Μήτιδος
1396 313 1522 389 υἱὸς
1548 314 1754 394 Πόρος.
1808 317 1948 379 ἐπει-

277 394 350 476 δὴ
399 396 458 455 δὲ
494 396 840 491 &daim-noar,
903 397 1353 480 προςαιτήσουσα
1370 443 1387 473 ,
1454 397 1572 462 οἷον
1609 400 1680 483 δὴ
1723 400 1951 481 εὐωχίας

275 581 380 625 tidis
403 581 522 625 filius
545 586 748 636 vocatur,
777 582 938 638 partim
960 583 1081 626 exin-

277 640 332 682 de
354 641 469 694 quod
491 640 630 682 Penia
658 646 840 682 vocatur
871 635 926 684 οὗ
954 637 1078 699 σοφὴ

276 696 357 740 καὶ
377 692 563 755 ἄπορος.
603 697 779 739 Etenim
795 699 935 739 Porus
947 699 1080 742 Amo-

276 754 340 796 ris
369 759 492 810 pater
513 768 606 796 esse
635 753 822 806 dicitur,
870 754 974 809 quia
1004 755 1080 797 hic

275 809 523 854 insatiabili
543 811 730 865 quodam
750 811 980 866 pulcrioris
1011 826 1081 855 sa-

274 867 592 925 pientiorisque
620 867 738 912 vitae
769 872 939 910 tenetur
966 868 1081 911 desi-

278 925 401 969 derio
449 926 643 979 adeoque
677 925 824 967 omnia
866 929 1004 968 tentat
1038 929 1082 969 et

275 983 523 1038 experitur,
562 996 649 1036 quo
670 982 724 1024 ad
747 982 889 1036 pulcri
915 986 958 1023 et
975 982 1081 1025 boni

309 1039 595 1082 ossessioncm
620 1038 845 1094 perveniat
875 1039 945 1093 (v.
965 1038 1081 1083 infra

275 1055 333 1139 l).
354 1097 432 1138 ubi
453 1093 650 1153 πόριμος
670 1096 900 1150 vocatur):
941 1095 1081 1139 Penia

276 1158 425 1196 autem
459 1153 654 1195 eiusdem
682 1157 823 1193 mater
847 1155 935 1202 est,
977 1152 1083 1206 quia

277 1211 395 1266 quod
422 1210 542 1264 cupit
562 1224 614 1251 ac
632 1209 873 1260 desiderat,
907 1207 954 1250 id
987 1208 1082 1263 ipse

277 1282 367 1311 non
384 1267 577 1322 possidet
596 1267 789 1319 adeoque
801 1265 963 1307 multos
981 1264 1082 1308 ideo

277 1326 441 1382 perfert
463 1325 637 1366 labores
670 1327 799 1376 atque
821 1335 1080 1367 aerumnas:

277 1396 431 1429 carere
449 1381 567 1423 enim
587 1380 814 1426 dicebatur
837 1384 965 1421 antea
984 1380 1082 1434 pul-

279 1453 356 1484 cro
385 1452 438 1480 ac
467 1440 610 1489 bono,
660 1441 709 1478 ut
737 1436 850 1491 quod
873 1442 1081 1492 perpetuo

274 1498 531 1542 sectaretur.
590 1495 716 1548 Quae
733 1507 868 1548 quum
897 1492 960 1537 ita
979 1493 1082 1548 sint,

274 1556 448 1602 tantum
477 1554 615 1606 abest,
646 1556 695 1592 ut
731 1549 918 1606 cogitari
944 1550 1082 1604 possit

277 1610 334 1652 de
351 1609 523 1666 placitis
542 1607 747 1663 Orphicis
780 1614 910 1664 atque
926 1607 1082 1667 mysti..

275 1667 367 1720 cis,
395 1670 470 1720 ut,
511 1665 598 1708 nisi
619 1666 730 1707 forte
756 1664 952 1708 consulto
982 1677 1082 1706 cae-

274 1723 418 1767 cutire
449 1723 622 1778 cupias,
671 1720 952 1763 manifestum
988 1735 1081 1762 esse

275 1782 435 1824 debeat
450 1781 557 1822 hoc:
606 1779 772 1825 Porum
789 1777 900 1833 fingi
919 1791 1081 1819 numen

275 1839 458 1891 aliquod
488 1831 710 1886 divinum,
759 1848 887 1877 verae
915 1834 1082 1889 pulcri-

274 1895 472 1945 tudinis,
526 1891 736 1936 bonitatis
757 1923 769 1943 ,
827 1890 1080 1946 sapientiae,

275 1953 403 1999 cuius
453 1949 668 1992 desiderio
699 1953 908 2002 perpetuo
945 1948 1080 1990 Amor

277 2014 477 2060 tenetur,
506 2021 641 2060 capax
673 2005 785 2047 illud
817 2010 947 2059 atque
977 2019 1080 2059 par-

275 2065 438 2120 ticeps,
493 2063 679 2116 ideoque
721 2061 899 2104 Metidis
935 2061 1079 2104 filium

275 2121 514 2179 appellari:
572 2119 757 2162 Peniam
785 2122 931 2160 autem
956 2117 1079 2174 cogi-

275 2179 362 2227 tari
382 2178 638 2228 mulierem,
695 2175 957 2218 coelestibus
987 2175 1078 2218 illis

274 2234 611 2293 pulcritudinis,
637 2231 845 2275 bonitatis
857 2263 869 2283 ,
907 2231 1078 2287 sapien-

272 2293 450 2347 tiaeque
478 2290 605 2335 bonis
625 2303 803 2344 prorsus
826 2288 1081 2331 destitutam

273 2348 464 2404 ideoque
511 2347 700 2402 inopem.
755 2346 905 2399 Quum
941 2345 1082 2401 igitur

273 2407 414 2451 Amor
432 2410 558 2450 natus
581 2403 637 2445 sit
659 2402 911 2463 parentibus
933 2401 1082 2445 indole

272 2479 330 2512 ac
359 2467 516 2506 natura
539 2465 630 2508 tam
663 2459 868 2511 diversis,
916 2458 1081 2501 mirum

268 2522 470 2577 profecto
499 2532 586 2565 non
605 2520 693 2568 est,
731 2517 847 2572 quod
866 2529 1005 2570 neque
1025 2515 1081 2558 ad

271 2577 412 2639 patris
436 2575 620 2622 virtutes
649 2572 793 2629 potuit
826 2574 953 2627 plane
983 2587 1083 2626 per-

274 2635 450 2685 venire,
493 2644 635 2685 neque
667 2630 723 2672 ad
755 2629 908 2671 matris
940 2628 1081 2671 imbe-

274 2690 507 2737 cillitatem
540 2692 584 2729 et
615 2686 914 2730 infirmitatem
957 2700 1082 2741 pror-

273 2762 351 2793 sus
376 2747 578 2800 delapsus
603 2747 683 2795 est,
717 2746 970 2787 remanente
997 2741 1080 2783 ali-

273 2818 365 2858 qua
384 2802 600 2858 particula
627 2800 841 2843 virtutum
872 2799 1079 2856 parentis,

273 2860 362 2903 hoc
392 2865 456 2901 est
487 2857 630 2913 pulcri
666 2861 797 2915 atque
825 2855 932 2899 boni
968 2855 1082 2899 desi-

273 2916 398 2962 derio
444 2914 716 2957 inexstincto.
786 2912 1079 2966 Quemadmo-

273 2973 382 3019 dum
413 2986 518 3017 vero
546 2971 661 3012 haec
696 2969 954 3015 facillimam
996 2968 1079 3011 ha.-

271 3031 383 3076 'be-ut
403 3027 762 3083 explicationem,
803 3026 882 3068 ubi
912 3039 963 3067 ex
982 3025 1079 3079 ipso

272 3086 487 3141 scriptore
511 3083 691 3138 petieris
715 3096 868 3127 eorum
883 3082 1081 3124 illustra-

272 3143 463 3191 tionem3
504 3141 568 3183 ita
593 3154 673 3182 uec
705 3139 877 3192 reliqua
898 3139 994 3181 ulla
1014 3139 1080 3181 la-

272 3200 435 3246 borant
473 3196 753 3240 obscuritate.
809 3195 922 3238 Nam
965 3194 1081 3249 quod

273 3256 410 3303 Amor
438 3260 565 3298 natus
598 3267 691 3297 esse
720 3252 881 3294 dicitur
899 3251 1082 3294 Veneris

275 3311 348 3357 die
369 3311 530 3362 natali,
573 3310 620 3357 id
636 3324 722 3354 non
759 3308 851 3355 alia
873 3308 925 3351 de
948 3321 1081 3353 causa

273 3367 371 3411 fieri
389 3367 656 3411 arbitramur
670 3397 683 3418 ,
724 3379 856 3419 quam
877 3368 925 3408 ut
947 3379 1082 3421 appa-

275 3429 410 3477 reat,
443 3438 521 3466 cur
557 3423 663 3474 ille,
725 3421 904 3465 Venerin
934 3435 1080 3466 come·

1144 590 1380 641 perpetuus
1394 618 1407 639 ,
1437 586 1501 629 nil
1524 590 1714 630 sectetur
1731 586 1818 630 nisi
1835 588 1951 643 quod

1144 643 1347 697 pulcrum
1385 643 1455 688 sit.
1512 645 1563 686 Id
1594 645 1707 698 quod
1739 645 1843 687 satis
1875 645 1951 686 de-

1145 700 1313 742 clarant
1322 702 1480 743 verba:
1511 700 1583 744 διό
1599 700 1772 756 καὶτῆς
1792 697 1952 759 ’Ampo-

1146 756 1274 811 δίτης
1313 752 1578 808 ἀκόλουθος
1620 757 1698 802 καὶ
1728 756 1951 816 θεράπων

1144 812 1324 868 γέγονεν
1364 809 1389 857 ὁ
1412 808 1582 872 ’Έρως,
1630 815 1868 871 ’γεννηθεὶς
1901 813 1950 859 ἐν

1145 873 1244 920 τοῖς
1272 868 1442 926 ἐκείνης
1463 873 1714 925 γενεθλίοις
1742 872 1820 916 καὶ
1855 866 1951 926 ἅμα

1148 925 1286 983 φύσει
1305 925 1495 985 ἐραστὴς
1515 923 1579 971 ὧν
1592 929 1696 987 περὶ
1717 925 1768 972 τὸ
1794 927 1949 986 καλόν,

1145 983 1223 1027 καὶ
1241 985 1321 1039 τῆς
1349 983 1613 1042 Ἀφροδίτης
1636 987 1776 1041 καλῆς
1792 981 1948 1042 οὔσης.

1144 1041 1295 1096 Neque
1329 1042 1462 1084 etiam
1493 1057 1605 1097 quae
1635 1044 1688 1085 de
1713 1043 1855 1085 hortis
1879 1045 1950 1086 lo-

1144 1098 1211 1140 vis
1259 1106 1495 1141 narrantur
1514 1131 1526 1151 ,
1583 1100 1719 1141 solius
1772 1106 1949 1142 ornatus

1146 1154 1291 1210 gratia
1317 1155 1486 1199 adiecta
1513 1163 1638 1208 sunt,
1687 1156 1761 1198 sed
1792 1154 1951 1212 prope-

1145 1213 1324 1254 modum
1345 1212 1590 1254 necessario
1614 1213 1951 1256 commemorari
1981 1220 1984 1224 '

1147 1269 1400 1311 debuerunt.
1445 1271 1592 1324 Quum
1619 1270 1736 1317 enim
1758 1270 1865 1312 Pori
1883 1275 1951 1312 at-

1146 1339 1230 1385 que
1259 1325 1423 1368 Peniae
1460 1332 1618 1368 natura
1645 1331 1688 1368 et
1720 1326 1950 1382 ingenium

1146 1386 1368 1437 tantopere
1399 1382 1724 1438 discreparent,
1783 1398 1860 1439 per
1902 1398 1949 1426 se

1143 1453 1301 1493 parum
1339 1439 1577 1482 verisimile
1623 1440 1762 1482 videri
1799 1439 1951 1484 debuit

1144 1496 1273 1538 illum
1310 1510 1410 1538 cum
1438 1497 1523 1538 hac
1555 1497 1746 1551 potuisse
1782 1497 1950 1541 habere

1146 1553 1513 1599 cousuetudinem.
1553 1554 1707 1607 Itaque
1733 1568 1819 1609 quo
1848 1567 1951 1598 nar-

1144 1610 1258 1651 ratio
1277 1609 1488 1654 maiorem
1519 1611 1842 1652 nancisceretur
1874 1624 1949 1651 ve-

1142 1666 1541 1718 risimilitudinem,
1593 1672 1722 1722 poeta
1753 1667 1951 1722 philoso-

1143 1724 1257 1790 phus
1297 1724 1464 1765 Porum
1503 1724 1629 1766 finxit
1664 1723 1712 1765 in
1749 1723 1949 1769 convivio

1143 1780 1224 1822 lllo
1248 1779 1294 1820 in
1310 1779 1490 1821 Veneris
1513 1781 1727 1822 honorem
1750 1780 1947 1822 instituto

1147 1836 1322 1880 ebrium
1341 1837 1502 1878 factum
1525 1851 1570 1878 se
1598 1838 1741 1879 solum
1777 1836 1822 1879 in
1844 1836 1951 1878 hor-

1144 1898 1236 1935 tum
1268 1893 1384 1935 Iovis
1425 1894 1686 1946 contulisse,
1737 1892 1802 1935 ibi
1840 1906 1948 1935 vero

1144 1949 1352 2002 Peniam,
1404 1965 1515 2004 quae
1542 1950 1584 1991 ei
1620 1950 1844 1992 struxisset
1880 1949 1950 1992 in-

1143 2006 1305 2059 sidias,
1353 2006 1445 2048 sine
1473 2006 1653 2049 arbitris
1681 2006 1948 2050 convenisse.

1142 2063 1290 2116 Vides,
1330 2077 1462 2118 quam
1481 2063 1728 2107 necessaria
1751 2063 1807 2105 sit
1836 2063 1949 2106 haee

1141 2121 1319 2163 fabulae
1364 2120 1605 2176 particula:
1662 2124 1712 2162 ut
1754 2121 1950 2174 profecto

1141 2177 1344 2222 miranda
1394 2177 1451 2219 sit
1498 2190 1681 2233 operosa
1730 2175 1949 2220 industria

1143 2248 1322 2285 eorum,
1365 2234 1441 2287 qui
1461 2234 1514 2276 de
1538 2233 1634 2276 istis
1657 2233 1774 2279 lovis
1792 2233 1946 2275 hortu-

1142 2290 1200 2333 lis
1219 2290 1445 2346 splendida
1474 2291 1689 2346 quaedam
1713 2289 1950 2332 commenti

1144 2353 1244 2394 sunt
1277 2347 1518 2390 mendacia.
1581 2348 1668 2391 Sed
1700 2347 1811 2389 haec
1840 2345 1948 2396 satio

1144 2409 1271 2450 sunto
1283 2405 1337 2445 de
1346 2403 1479 2446 huius
1490 2404 1670 2451 fabulae
1683 2405 1944 2460 argumento

1145 2465 1190 2503 et
1224 2460 1422 2506 consilio,
1479 2462 1658 2514 Restat,
1699 2466 1749 2501 ut
1778 2458 1948 2513 aliquid

1144 2518 1376 2560 dicendum
1403 2517 1459 2559 sit
1486 2518 1540 2558 de
1568 2530 1697 2558 sensu
1719 2515 1948 2557 universae

1143 2573 1389 2618 narrationi
1411 2573 1621 2617 subiecto.
1657 2573 1849 2627 Apparet
1869 2585 1949 2613 au-

1143 2636 1234 2675 tem
1250 2662 1261 2683 ,
1295 2630 1469 2685 opinor,
1499 2644 1550 2671 ex
1573 2629 1653 2682 iis,
1695 2642 1808 2683 quae
1831 2628 1948 2672 dicta

1144 2691 1268 2739 sunt,
1308 2687 1536 2729 Platonem
1564 2687 1652 2728 hoc
1682 2685 1836 2741 mytho
1865 2698 1948 2727 vo-

1143 2744 1279 2787 luisse
1309 2743 1470 2785 amoris
1497 2748 1699 2786 naturam
1724 2743 1947 2783 declarare

1143 2801 1390 2844 accuratius
1417 2805 1460 2842 ct
1486 2800 1611 2859 quasi
1641 2798 1839 2855 imagine
1858 2797 1939 2840 ali-

1143 2871 1231 2913 qua
1264 2857 1502 2899 illustrare.
1561 2858 1713 2912 Quum
1745 2855 1861 2896 enim
1878 2854 1949 2896 in-

1143 2914 1380 2957 tellexisset
1402 2927 1613 2965 amorem,
1640 2913 1726 2955 hoc
1747 2917 1812 2953 est
1846 2911 1947 2965 pul-

1146 2971 1210 3012 cri
1246 2975 1288 3011 ct
1314 2970 1421 3012 boni
1457 2969 1674 3024 studium,
1732 2965 1947 3011 contineri

1141 3026 1382 3070 insatiabili
1408 3026 1598 3080 quadam
1621 3023 1856 3080 cupiditate
1874 3037 1948 3065 re-

1143 3097 1244 3129 rum
1273 3083 1463 3125 maxime
1496 3086 1821 3137 exoptatarum3
1871 3093 1947 3121 ve-

1142 3139 1317 3181 rissime
1337 3140 1554 3193 duplicem
1570 3139 1778 3191 cuiusque
1793 3149 1946 3178 aman-

1143 3196 1200 3238 tis
1226 3211 1319 3238 esse
1341 3196 1450 3238 vidit
1469 3200 1645 3248 statum,
1669 3191 1946 3237 alterum·in-

1145 3252 1392 3307 digentiae,
1447 3258 1660 3306 quatenus
1693 3249 1835 3292 studio
1873 3247 1945 3290 illi

1144 3309 1289 3365 pulcri
1313 3314 1444 3362 atque
1469 3307 1574 3351 boni
1603 3307 1793 3352 nondum
1819 3303 1944 3346 satis-

1143 3367 1309 3409 factum
1329 3370 1460 3417 esset,
1489 3365 1679 3408 alterum
1707 3361 1843 3418 divini
1870 3373 1946 3406 cu-

1143 3421 1320 3467 iusdam
1355 3421 1563 3474 fervoris,
1605 3434 1693 3475 quo
1721 3420 1946 3473 correptus
