2040 3646
1656 180 1780 230 XXV

109 328 425 385 theg-ereetum
444 324 619 368 decreta
629 325 667 381 ⁸)
681 356 694 378 ‚
721 326 765 367 et
783 322 1021 367 maximam
1041 322 1177 366 habet
1204 319 1784 386 argumenfficognationem

111 426 213 455 cnm
235 410 466 468 Symposio
479 442 492 463 ‚
519 410 717 465 adeoque
733 423 787 452 ex
807 413 930 465 parte
950 423 1050 451 cnm
1069 407 1305 450 Phaedone
1323 410 1368 449 et
1392 406 1521 449 libris
1547 407 1601 449 de
1619 407 1785 465 optima

111 495 304 541 civitate.
376 496 479 538 Huc
509 494 706 548 accedit,
763 494 880 549 quod
915 494 1165 536 coniectura
1191 493 1367 549 assequi
1389 506 1640 549 possumus,
1698 506 1787 548 qua

112 580 332 623 scribendi
350 579 675 636 opportunitate
700 593 805 622 usus
828 580 958 622 Plato
972 579 1091 620 hunc
1110 578 1278 620 librum
1289 576 1594 633 composuerit.
1622 577 1789 620 Redie—

112 671 191 720 rat,
220 665 337 708 enim
380 679 434 707 ex
466 663 726 720 'longinquis
763 677 814 709 ac
849 663 1065 708 diuturnis
1097 660 1328 704 itineribus
1357 660 1403 703 in
1440 661 1641 716 patriam.
1698 660 1790 705 Ubi

114 765 252 806 quum
275 737 542 800 advenisset,
573 764 659 791 non
689 749 833 790 solum
855 748 966 790 alios
991 747 1218 790 instituere
1235 745 1400 801 coepit,
1430 746 1506 788 scd
1527 745 1662 789 etiam
1681 745 1792 789 scri-

115 835 202 892 ptis
235 834 456 889 ‘explicare
495 832 720 875 doctrinae
757 846 863 874 suae
902 832 1133 875 rationem.
1189 830 1241 872 In
1282 844 1369 885 quo
1405 835 1592 885 utroque
1628 844 1793 886 genere

83 930 87 933 ’
116 933 252 976 quum
274 931 353 974 pro
375 917 546 970 divino,
575 932 662 972 quo
687 916 902 972 pollebat,
930 915 1109 971 ingenio
1133 915 1194 957 ita
1221 915 1475 967 excelleret,
1511 919 1560 957 ut
1579 916 1796 978 plurimo·

116 1018 218 1048 rum
245 1006 444 1045 moveret
476 1001 835 1046 admirationem:
884 1010 970 1043 non
1001 1000 1143 1055 potuit
1168 999 1367 1056 effugere
1389 999 1603 1043 invidiam
1626 1014 1796 1054 eorum,

45 1090 53 1099 ⁰
117 1087 196 1144 qui
213 1087 436 1130 doctrinae
466 1090 510 1128 et
542 1085 817 1141 eloquentiae
840 1085 1016 1128 laudem
1048 1085 1135 1127 sibi
1163 1090 1368 1149 tanquam
1398 1084 1622 1140 propriam
1654 1084 1799 1128 vindi-

98 1178 295 1226 ,θαι-θυι,
332 1172 419 1214 hoc
453 1175 518 1214 est
538 1171 768 1213 rhetorum
794 1174 925 1224 atque
958 1169 1269 1225 sophistarum.
1329 1169 1421 1226 Qui
1445 1184 1582 1225 quum
1612 1171 1799 1216 fortasse

119 1258 305 1300 moleste
325 1256 538 1308 tulissent,
561 1255 679 1311 quod
696 1254 744 1297 in'
755 1253 987 1310 Symposio
1012 1254 1212 1309 ipsorum
1230 1253 1416 1310 ineptias
1437 1268 1524 1296 non
1542 1254 1635 1298 sine
1657 1257 1800 1298 multo

121 1343 214 1386 sale
238 1340 566 1397 perstrinxerat,
602 1339 788 1400 ideoque
817 1338 984 1381 librum
1008 1339 1210 1395 maligno
1238 1339 1366 1382 dente
1402 1338 1686 1393 arrosissent,
1734 1341 1802 1384 fa-

124 1426 328 1470 ciendum
355 1424 547 1482 putavit,
602 1428 653 1471 ut
685 1439 773 1467 non
802 1424 944 1469 solum
967 1423 1151 1470 eroticas
1181 1437 1335 1471 eorum
1357 1429 1556 1479 carperet
1582 1425 1804 1474 orationes

122 1524 307 1555 censura
324 1510 541 1567 Lysianae
562 1508 772 1556 orationis
794 1508 994 1552 instituta
1025 1512 1070 1559 et
1086 1512 1313 1565 praeterea
1334 1509 1469 1552 etiam
1488 1509 1732 1555 Menexeno
1754 1509 1804 1552 in

123 1596 270 1639 lucem
290 1595 436 1648 edito,
491 1594 687 1648 adeoque
709 1593 799 1636 vim
817 1593 967 1639 divini„
983 1593 1105 1647 illius
1123 1594 1314 1648 amoris„
1373 1594 1428 1639 de
1459 1608 1546 1650 quo
1576 1595 1727 1655 agitur
1756 1595 1805 1637 in

122 1679 382 1738 Symposio,
436 1679 580 1724 denuo
605 1678 869 1731 illustraret,
917 1679 995 1721 sed
1023 1678 1173 1723 etiamr
1192 1678 1369 1722 doceret
1393 1692 1568 1725 omnem
1595 1671 1808 1736 eloquen-

58 1818 61 1822 1
123 1765 259 1823 tiam,
304 1764 398 1811 sive
424 1764 473 1813 in
503 1762 739 1819 scriptione
762 1767 1014 1812 cerneretur
1037 1762 1193 1811 sivein
1217 1777 1447 1817 sermone,
1491 1762 1670 1811 inanem
1694 1779 1806 1818 esse,

126 1849 214 1893 nisi
235 1864 260 1892 e
283 1848 568 1909 philosophia
583 1853 791 1910 tanquam
807 1863 912 1895 vero
934 1848 1072 1906 ipsius
1091 1850 1210 1892 fonte
1233 1848 1506 1906 hauriretur:
1543 1848 1589 1890 in
1612 1863 1699 1905 qua
1726 1863 1809 1906 po-

126 1939 291 1979 strema
307 1940 431 1991 parte
447 1934 696 1978 continetur
715 1934 980 1994 primarium
992 1966 1005 1987 ‚
1044 1937 1093 1976 ut
1113 1933 1176 1980 ita
1196 1933 1362 1986 dicam,
1397 1932 1534 1977 totius
1557 1933 1808 1990 scriptionis

126 2019 376 2066 consilium,
434 2021 563 2074 Quae
591 2018 631 2063 si
665 2033 773 2067 vera
803 2023 926 2071 sunt,
962 2033 1050 2066 non
1077 2017 1256 2060 difficile
1280 2022 1346 2060 est
1372 2018 1428 2061 ad
1453 2017 1809 2074 intelligendum,

128 2117 208 2147 cur
234 2102 525 2158 philosophus
557 2106 652 2144 tum
687 2101 997 2149 admirabilem
1025 2102 1152 2144 illam
1195 2106 1336 2147 artem
1377 2102 1618 2144 disserendi
1645 2103 1692 2145 in
1722 2104 1811 2147 hoc

130 2188 250 2230 libro
279 2185 556 2240 adhibuerit,
599 2190 694 2229 tum
726 2199 898 2233 summa
929 2186 1235 2242 philosophiae
1264 2184 1536 2228 sublimioris
1569 2186 1712 2242 capita
1745 2187 1812 2231 sic

132 2272 360 2328 attigerit,
398 2274 449 2314 ut
474 2271 604 2326 quasi
627 2271 746 2314 viam
767 2270 854 2317 sibi
876 2269 1117 2312 munivisse
1148 2269 1350 2312 videatur
1381 2271 1438 2313 ad
1471 2284 1622 2314 omnes
1649 2272 1815 2317 doctri-

130 2370 214 2399 nae
238 2369 343 2399 suae
370 2359 530 2410 partes.
588 2356 676 2400 Sed
709 2356 762 2399 de
795 2359 893 2403 arte
922 2359 966 2402 et
994 2354 1190 2407 ratione,
1236 2369 1349 2410 quae
1382 2354 1429 2398 in
1459 2357 1690 2404 tractando
1729 2358 1813 2407 illo

0 2499 1 2503 Ἰ
23 2482 31 2506 ι,
132 2444 394 2498 argumento
420 2438 623 2484 adhibita
647 2444 738 2492 est,
792 2440 903 2483 alias
923 2439 1007 2482 erit
1034 2438 1207 2485 dicendi
1237 2439 1377 2487 locus.
1433 2439 1562 2483 Nunc
1597 2442 1701 2484 satis
1730 2443 1815 2486 ha*

0 2565 2 2573 ,
54 2521 57 2525 ’
130 2526 286 2569 bemus
297 2525 469 2580 addere,
479 2524 621 2572 videri
631 2525 759 2573 nobis
769 2525 1022 2572 Phaedrum
1037 2523 1261 2579 aliquanto
1273 2523 1814 2582 posthymp.XCVIII.4.

0 2609 2 2616 ’
132 2608 181 2653 in
199 2609 346 2652 lucem
375 2609 541 2652 editum
568 2622 662 2653 esse
677 2642 691 2663 ,
739 2609 780 2654 si
800 2609 978 2665 quidem
1006 2621 1110 2653 vere
1130 2608 1396 2652 coniecimus
1426 2623 1529 2652 eum
1552 2623 1656 2653 cum
1685 2611 1817 2669 Sym-

133 2693 260 2750 posio
278 2693 523 2742 arctissime
545 2694 797 2742 cohaerere.
853 2694 954 2737 Hoc
981 2693 1100 2740 enim
1115 2707 1211 2740 non
1233 2684 1427 2749 potuisse
1443 2697 1544 2737 ante
1574 2694 1706 2742 illum
1737 2706 1819 2744 aa·

133 2791 242 2821 num
259 2777 401 2820 emitti
426 2780 545 2834 patet
563 2791 616 2820 ex
632 2778 733 2822 loco
754 2795 799 2836 p.
826 2777 924 2823 193.
947 2777 998 2826 A.
1029 2778 1084 2823 de
1105 2791 1190 2832 quo
1211 2776 1302 2824 iam
1321 2782 1448 2822 antea
1467 2779 1733 2827 monuimus.

286 2861 391 2909 *Sed
416 2862 521 2909 satis
543 2861 598 2908 de
627 2862 801 2918 scriptis
823 2862 905 2906 illo
932 2866 1155 2919 tempore,
1183 2865 1396 2917 quantum
1424 2862 1640 2919 suspicari
1666 2865 1817 2922 liceat,

18 3007 20 3014 y
43 2945 61 2954 ’“
83 2928 90 2936 ‚
138 2958 168 2991 a
187 2944 374 2988 Platone
393 2945 440 2987 in
463 2945 610 2989 lucem
630 2944 816 2992 emissis.
875 2946 1110 3002 Sequitur,
1143 2949 1195 2991 ut
1217 2945 1450 2993 dicendum
1472 2946 1530 2993 sit
1561 2947 1615 2990 de
1644 2947 1823 2993 institu-

139 3030 261 3089 tione
291 3028 633 3086 discipulorum,
678 3043 769 3087 qua
793 3030 902 3074 item
929 3044 1140 3087 magnam
1167 3034 1322 3075 nactus
1350 3034 1417 3077 est
1443 3031 1632 3076 nominis
1655 3034 1822 3077 famam

44 3101 60 3170 f*
142 3118 274 3170 atque
308 3115 502 3164 laudem,
559 3114 648 3164 Sed
676 3089 928 3178 quanquam
957 3115 1071 3163 haec
1102 3114 1337 3177 disputatio
1374 3119 1419 3168 et
1452 3116 1648 3167 iucunda
1680 3121 1747 3166 est
1778 3120 1824 3166 et

147 3270 478 3292 m

202 3372 242 3433 ⁸)
269 3371 432 3422 Docuit
457 3373 545 3422 hoc
571 3373 641 3423 As
653 3378 670 3424 t
683 3374 772 3425 ius
801 3375 856 3424 tle
876 3373 970 3426 vita
988 3378 1033 3427 et
1051 3374 1234 3438 seriptisv
1250 3374 1422 3426 Platon,
1450 3390 1494 3440 p.
1514 3373 1601 3426 1⁰5
1615 3380 1710 3438 &qq-
