2040 3646
732 157 1166 213 SYMPOSIUM
1715 162 1783 219 61

103 292 138 354 ὃ
158 296 411 366 τοιοῦτος
445 291 512 353 τό
536 315 595 371 γε
631 290 813 352 αὑτοῦ
847 292 1098 365 ἐπιδεῖξαι
1113 339 1129 369 ‚
1182 291 1267 355 ὅτι
1305 294 1459 355 ἕνεκα
1495 294 1784 401 χρημάτων

101 376 300 483 ὁτιοῦν
337 375 405 438 οἶν
434 376 650 461 ὁτῳοῦν
687 376 968 458 υπηρετοῖ·
1011 384 1180 438 τοῦτο
1202 381 1261 439 δὲ
1299 403 1374 439 ου
1410 381 1597 441 καλόν.
1642 378 1783 439 κατὰ

101 460 199 522 τὸν
224 460 395 523 αὐτὸν
419 460 490 542 δὴ
503 437 683 541 λόγον
704 459 810 522 κᾶν
838 466 988 536 εἴτις
1012 461 1086 536 ὥς
1107 463 1301 569 ἅγαθςό
1315 464 1673 543 χαρισάιιενος
1683 466 1778 524 καὶ

105 545 294 620 αὐτὸς
303 546 377 621 ὥς
406 544 636 623 αμείνων
662 546 924 626 ἐσόμενος
956 545 1050 607 διὰ
1073 546 1172 630 τὴν
1197 551 1387 627 φιλίαν
1410 556 1518 609 τοῦ
1542 551 1778 628 ἐραστοῦ

101 629 493 738 ἐξαπατηθείη,
535 630 906 710 αναφανέντος
932 633 1141 692 ἐκείνου
1167 639 1349 692 κακοῦ
1371 636 1464 693 καὶ
1487 657 1561 694 ου
1583 637 1847 720 κεκτη-Β

101 717 276 803 μένου
307 715 533 821 αρετήν,
587 713 735 792 ὅμως
763 716 905 798 καλὴ
928 715 967 796 ἡ
996 715 1192 798 ἅπατη·
1247 722 1401 777 δοκεῖ
1427 716 1532 798 γὰρ
1572 721 1648 779 αὐ
1682 721 1778 778 καὶ

102 803 271 874 οὐτος
305 798 369 860 τὸ
402 798 533 859 καθ’
560 798 734 860 αὑτὸν
771 802 1148 882 δεδηλωκέναι,
1204 825 1288 863 οτι
1314 801 1511 883 ἄρετης
1546 802 1595 882 γ’
1625 805 1779 863 ἕνεκα

16 893 19 896 ’
101 887 196 944 καὶ
228 908 332 944 του
366 885 588 990 βεξτίων
619 885 877 963 γενέσθαι
909 891 1022 944 πᾶν
1062 909 1132 945 αν
1165 889 1326 946 παντὶ
1323 890 1778 993 προθυμηθείη·

102 990 270 1028 τουτο
302 969 362 1028 δε
387 969 463 1028 αὐ
487 967 704 1029 παντων
727 970 1032 1029 καλλιστον.
1090 966 1236 1030 οὕτω
1260 970 1476 1044 πάντως
1510 996 1569 1050 γε
1605 970 1781 1033 καλὸν

104 1052 300 1134 αρετῆς
335 1054 488 1112 ἕνεκα
519 1055 852 1159 χαρίζεσθαι.
908 1046 1074 1126 οὐτός
1110 1056 1252 1114 ἐστιν
1291 1054 1324 1114 ὃ
1357 1061 1456 1136 τῆς
1498 1054 1780 1134 Οὐρανίας

102 1139 287 1198 θεοῦ’
269 1139 401 1216 ε’ρως
422 1139 516 1196 καὶ
541 1161 804 1216 ουρανιος
827 1140 922 1198 καὶ
951 1143 1168 1199 πολλοῦ
1191 1138 1341 1213 α’ξιος
1372 1142 1464 1199 καὶ
1499 1140 1608 1200 πό)
1610 1165 1656 1200 ει
1685 1144 1781 1200 καὶ
1811 1148 1814 1152 ’

105 1222 369 1297 ἰδιώταις,
411 1220 622 1302 πολλὴν
647 1212 946 1300 ἐπιμέλειαν
980 1222 1296 1302 ἀναγκάζων
1328 1232 1609 1284 ποιεῖσθαι
1638 1224 1780 1304 πρὸς

105 1305 303 1388 αρετὴν
324 1305 419 1366 τόν
440 1329 495 1366 τε
519 1307 720 1385 ἐρῶντα
745 1306 921 1367 αυτὸν
943 1306 1127 1368 αυτοῦ
1158 1311 1252 1368 καὶ
1281 1307 1378 1370 τὸν
1399 1309 1680 1388 ἐρώμενον·
1724 1313 1780 1369 οἱ
1803 1311 1849 1367 G

104 1389 155 1451 δ’
190 1393 359 1470 ἕτεροι
389 1389 585 1464 πάντες
621 1398 720 1472 τῆς
755 1392 964 1470 ἑτέρας,
1032 1398 1132 1474 τῆς
1171 1393 1482 1479 πανδήμου.
1589 1395 1782 1454 Ταῦτά

104 1490 227 1550 σοι,
295 1476 430 1555 ε’φη,
488 1473 563 1548 ὡς
599 1476 656 1535 ἐκ
694 1482 800 1537 τοῦ
832 1483 1197 1558 παραχρῆμα,
1269 1480 1314 1539 ὠ
1355 1483 1591 1558 Φαῖδρε,
1655 1482 1781 1560 περὶ

87 1557 335 1641 ’Ἑρωτος
357 1559 751 1638 συμβάλλομαι.

270 1646 607 1704 Παυσανίου
642 1647 700 1705 δὲ
746 1646 1136 1723 παυσαιιένου,
1203 1646 1533 1714 διδάσκουσι
1569 1672 1673 1728 γαρ
1713 1652 1781 1726 με

102 1730 198 1789 ἶσα
230 1730 417 1809 λέγειν
441 1727 647 1790 ουτωσὶ
682 1730 736 1790 οἱ
778 1733 978 1810 σοφοί,
1035 1733 1142 1812 ε’φη
1176 1730 1209 1791 ὁ
1246 1731 1629 1814 Ἀριστόδημος
1664 1736 1818 1815 &avg-

159 1949 240 1995 διὰ
262 1945 346 2005 τὴν
379 1951 538 2006 φιλίαν
570 1952 654 1995 τοῦ
689 1950 736 2010 ἔρ
742 1956 783 2005 .]
822 1952 983 1995 Addidi
1009 1953 1093 1996 τοῦ
1121 1967 1146 1995 e
1175 1953 1392 1996 Vindobb.
1424 1953 1595 1997 duobus
1624 1959 1669 2000 ct
1700 1970 1774 2000 sex

103 2009 227 2054 codd.
257 2009 471 2078 Bckkeri‚
500 2009 616 2064 quod
634 1968 851 2078 exigebat
855 2011 969 2052 ratio
992 2010 1283 2065 grammatica
1310 2016 1353 2053 et
1376 2010 1622 2055 dialectica.

157 2060 324 2125 ἀρετῆς
345 2061 384 2122 γ’
411 2063 566 2122 ἕνεκα]
596 2066 790 2110 Accessit
813 2061 851 2122 γ’
880 2081 933 2110 cx
950 2067 1154 2123 plurimis
1180 2067 1420 2112 codicibus.

147 2201 271 2260 Δ’τόγ’
291 2201 466 2262 αυτοῦ]
498 2205 762 2249 Wolfius=
790 2205 906 2248 sei-

100 2277 210 2308 nen
238 2263 575 2316 Chai-aeter,
613 2263 772 2306 scine
802 2264 921 2306 (i're-⁴

100 2334 123 2363 s
143 2320 162 2363 i
179 2335 208 2362 ιι
229 2334 258 2362 ιι
279 2324 311 2362 ἰι
328 2335 358 2361 ιι
378 2335 423 2377 g.
479 2319 695 2375 Equidem
726 2320 904 2363 malim:

98 2381 372 2433 quantum
400 2378 453 2419 in
478 2377 599 2432 ipso
620 2382 722 2428 est,
753 2391 905 2445 quem-

98 2434 338 2478 admodum
375 2433 533 2476 dicitur
573 2430 627 2477 τὸ
661 2429 769 2488 ἐμόν
781 2466 793 2489 ,
846 2429 900 2478 τὸ

98 2487 185 2536 σόν
197 2522 211 2543 ,
239 2490 326 2544 al.;
368 2504 554 2546 eamque
582 2490 903 2546 interpretatio-

98 2561 203 2591 nem
239 2548 467 2591 confimat
500 2547 748 2604 proximum
789 2547 904 2590 illud

96 2604 151 2649 τὸ
175 2600 301 2649 καθ
307 2601 462 2649 αυτόν.

154 2661 205 2706 C.
263 2659 346 2706 τόν
369 2676 416 2706 τε
442 2659 617 2730 ἐρῶντα
648 2684 679 2694 -
706 2659 785 2704 καὶ
819 2656 904 2704 τὸν

97 2714 357 2787 ἐρώμενον]
410 2719 516 2762 Post
562 2714 645 2762 τὸν
656 2715 903 2788 ἐρώμενον

96 2790 251 2819 rursus
291 2775 516 2832 intelligas
559 2771 703 2819 αὐτὸν
737 2772 897 2820 αυτοῦ.

95 2832 282 2876 Frustra
327 2833 564 2876 Bastius
619 2837 664 2875 et
713 2825 900 2875 Astius

96 2891 182 2934 τοῦ
209 2888 461 2956 ἐρωμένου
465 2889 744 2932 scribendum
773 2894 901 2944 puta-

96 2951 224 2989 runt.
282 2947 397 3003 quod
426 2945 465 2988 si
495 2947 551 2989 ab
594 2947 689 3002 ipso
716 2946 900 2988 Platone

97 3007 212 3046 esset
234 3005 495 3059 profectum,
535 3003 641 3045 ordo
662 3004 899 3045 verborum

94 3060 194 3128 hic,
203 3060 406 3128 opinor,
432 3061 565 3102 foret:
604 3055 688 3104 τὸν
722 3057 899 3130 ἐρῶντα

97 3112 245 3162 αυτόν
279 3131 326 3160 τε
350 3112 494 3161 αὑτοῦ
525 3115 603 3159 καὶ
624 3116 708 3161 τοῦ
733 3115 898 3175 ἐρωμέ-

95 3189 196 3217 νου.
253 3174 379 3217 Νιιιιο
406 3174 619 3216 sententia
653 3170 765 3216 haec
803 3178 896 3217 est.

95 3243 249 3274 amor
278 3230 548 3272 coelestis
576 3235 895 3286 utrumque,

93 3292 150 3330 et
176 3292 488 3330 amatorem
519 3292 570 3330 ct
597 3302 745 3340 eum,
798 3288 898 3342 qui

93 3349 344 3396 amatur,
400 3344 472 3385 im
487 3344 660 3399 pellit
710 3347 765 3387 et
806 3358 897 3387 co·

92 3400 202 3456 git,
254 3407 314 3446 ut
341 3414 770 3454 omnemaeauram
794 3415 823 3458 p
838 3416 895 3447 o-

968 2211 1062 2251 nat
1112 2207 1170 2251 in
1210 2207 1395 2263 studio
1435 2207 1676 2253 virtutis
1719 2210 1776 2252 et

970 2258 1306 2334 sapientiae.

1024 2337 1087 2372 ως
1121 2320 1168 2366 ἐκ
1199 2323 1283 2366 τοῦ
1318 2320 1632 2380 παραχρῆμα]
1690 2321 1774 2364 sic

968 2379 1157 2422 subito
1188 2385 1242 2421 et
1270 2394 1330 2421 ex
1357 2384 1624 2434 tempore.
1665 2380 1773 2421 Xe-

968 2437 1123 2507 noph.
1153 2437 1333 2478 Ilell.1.
1358 2437 1400 2488 1,
1425 2436 1494 2478 21.
1538 2436 1689 2504 λέγειν
1711 2432 1772 2479 τὰ

965 2509 1047 2548 μεν
1067 2489 1158 2538 ἀπὸ
1186 2494 1270 2537 τοῦ
1295 2494 1598 2551 παραχρῆμα,
1638 2489 1697 2536 τὰ
1720 2491 1771 2538 δὲ

967 2549 1368 2608 βουλευσαμένους.

1024 2609 1295 2651 Παυσανίου
1346 2604 1395 2650 δε
1441 2603 1770 2661 παυσαμένου]

966 2663 1098 2707 Ludit
1118 2665 1256 2706 simili
1282 2666 1519 2706 verborum
1548 2677 1679 2715 sono,
1706 2663 1771 2705 ri·-

966 2722 1122 2776 (letque
1136 2736 1185 2764 ar
1188 2721 1325 2764 tifieia
1340 2720 1635 2775 sophistarum
1656 2695 1771 2774 ἐτῶν

967 2779 1145 2832 σοφῶν)
1171 2777 1425 2820 huiusmodi
1445 2781 1648 2818 ornatum
1672 2791 1774 2818 orn-
1859 2832 1862 2835 ἱ

962 2835 1095 2878 tionis
1138 2835 1330 2877 studiose
1365 2833 1644 2888 captantium.
1701 2834 1771 2875 De

964 2906 1051 2947 qua
1067 2906 1116 2934 re
1126 2904 1166 2936 v.
1191 2893 1238 2933 H
1249 2892 1302 2934 ei
1318 2906 1347 2932 n
1358 2891 1385 2932 d
1396 2891 1487 2932 orf.
1513 2891 1566 2932 ad
1577 2890 1769 2933 Phaedr.

964 2953 1005 3003 §.
1029 2948 1126 2992 114.
1163 2949 1218 2991 ad
1245 2949 1384 3004 Gorg.
1415 2946 1520 3002 p..9
1552 2951 1657 3001 etp
1662 2946 1766 2990 ..79

964 3010 1007 3047 et
1037 3005 1365 3060 Wesseling.
1396 3004 1452 3046 ad
1473 3003 1603 3046 Diod.
1627 2962 1766 3046 Sicul.

963 3060 1257 3129 x11.p.514.
1294 3060 1408 3105 T.1.
1468 3083 1498 3092 -
1553 3054 1624 3102 τὰ
1668 3059 1768 3103 ἴσοι

963 3115 1227 3174 σχήματα
1276 3123 1422 3161 autem
1463 3120 1575 3158 teste
1614 3117 1767 3158 Her-

961 3189 1099 3232 mog.
1129 3174 1235 3232 περὶ.
1251 3175 1414 3219 δεινοτ.
1446 3188 1489 3228 p.
1513 3172 1583 3215 28.
1614 3173 1769 3216 dicun-

963 3233 1158 3275 turillae
1175 3233 1347 3289 figurae
1363 3229 1573 3274 orationis
1597 3243 1766 3283 omncs,

963 3303 1078 3344 quae
1108 3294 1346 3332 cernuntur
1388 3287 1434 3329 in
1477 3285 1767 3329 similitudine

956 3347 1224 3398 verborum,
1253 3345 1408 3414 quales
1433 3347 1534 3386 sunt
1557 3339 1768 3400 ὁμοιοίέ-
1818 3347 1846 3401 J

958 3405 1118 3448 λευτον
1128 3435 1142 3457 ,
1170 3400 1427 3462 παρήχησις
1438 3434 1452 3458 ,
1481 3400 1539 3446 al.
