2040 3646
265 124 368 205 160

912 122 1288 195 vni-roms

188 297 239 352 Β
261 279 371 339 καὶ
395 277 579 355 μέντοι
621 274 729 337 οὐκ
771 276 859 354 ἔμε
901 275 1074 354 μόνον
1112 281 1291 336 ταῦτα
1324 278 1645 384 πεποίηκεν,
1681 276 1820 338 αλλὰ
1850 280 1946 340 καὶ

263 364 560 442 Χαρμίδην
571 360 669 421 τὸν
685 362 1022 435 Γλαύκωνος
1032 363 1124 420 καὶ
1139 366 1192 419 F
1194 360 1318 423 ι’θι
1321 368 1498 450 ὄηιιον
1519 360 1617 423 τὸν
1637 365 1946 438 Διοκλέους

262 449 358 508 καὶ
400 445 609 520 ἄλλους
649 447 800 506 πάνυ
838 446 1088 519 πολλούς
1102 457 1138 517 ,’
1175 444 1279 520 οὓς
1334 450 1501 521 οὐτος
1555 446 1830 519 ἐξαπατῶν
1870 448 1947 523 ὥς

263 529 495 613 ἐραστὴς
536 530 764 591 παιδικὰ
806 536 1015 609 μᾶλλον
1058 527 1228 603 αὐτὸς
1278 534 1605 592 καθίσταται
1664 531 1778 592 αντ’
1819 534 1945 611 ἐρα-

265 623 423 677 στοῦ.

511 613 548 674 ἃ
590 614 662 697 δὴ
704 617 796 675 καὶ
840 618 931 676 σοὶ
971 617 1126 695 λέγω,
1166 616 1210 675 ὠ
1251 613 1513 697 Ἀγάθων,
1555 614 1631 698 μὴ
1678 616 1945 688 ἐξαπατᾶ-

263 709 401 762 σθαι
441 698 560 761 ὑπὸ
601 700 837 774 τούτου,
882 699 1000 760 αλλ’
1043 697 1154 759 απο
1194 706 1303 760 τῶν
1354 700 1628 782 ἡμετέοων
1678 702 1946 783 παθημά-

260 810 370 847 των
409 785 609 866 γνόντα
651 784 1033 867 εὐλαβηθῆναι
1071 786 1162 844 καὶ
1198 783 1276 866 μὴ
1312 785 1450 847 κατὰ
1491 785 1592 868 τὴν
1630 789 1946 866 παροιμίαν,

261 869 438 950 ωςπερ
479 870 713 951 νήπιον,
766 871 1021 931 παθόντα
1055 876 1272 949 γνῶναι.

432 958 593 1038 Cap.
611 959 964 1018 XXXVIII.
1019 955 1296 1028 Εἰπόντος
1326 953 1398 1036 dr)
1435 960 1611 1016 ταῦτα
1644 961 1752 1015 τοῦ
1772 954 1946 1016 Ἀλκι-

191 1036 239 1094 C
260 1040 494 1120 βιαδου,
534 1042 746 1120 γέλωτα
777 1043 1035 1120 γενέσθαι
1075 1041 1162 1100 ἐπὶ
1196 1046 1264 1117 τῇ
1296 1039 1578 1122 παρὃσία
1612 1039 1818 1115 αὐτου,
1863 1040 1948 1101 ὅτι

261 1125 483 1187 ἐδόκει,
464 1128 538 1187 ἔτι
561 1127 876 1203 ἐρωτικῶς’
859 1127 993 1204 ἔχειν
1013 1123 1117 1185 τοῦ
1142 1124 1495 1209 Σωκρατους.
1561 1123 1659 1184 τὸν
1689 1116 1795 1185 οὖν
1819 1132 1948 1185 Σω-

258 1211 461 1294 κοατη,
515 1211 791 1293 Νήφειν
779 1233 871 1271 ιιοι
908 1215 1120 1285 δοκεῖς,
1163 1234 1367 1290 φαναι,
1423 1211 1468 1270 ὠ
1493 1208 1818 1292 Ἀλκιβιαδη.
1874 1209 1949 1271 οὐ

314 1458 379 1521 μὴ
409 1460 735 1519 ἐξαπατᾶσθαι
757 1457 849 1507 ’ὑπὸ
867 1462 936 1520 τ.]
977 1461 1106 1506 Bodl.
1129 1456 1193 1520 μὴ
1222 1458 1531 1516 ἐξαπατᾶσθε.

259 1688 455 1741 accidat,
493 1702 666 1732 comma
704 1691 802 1743 post
832 1686 1073 1744 μέμφομαι

259 1746 513 1788 delevimus
572 1746 684 1788 Nam
704 1748 841 1788 verba
877 1746 941 1788 ita
969 1761 1074 1788 con-

226 1794 474 1846 nectenda
495 1809 616 1845 sunt:
647 1797 727 1845 καὶ
751 1802 977 1874 συμμίξας
1011 1818 1071 1846 av

260 1854 292 1904 ἃ
330 1858 572 1915 μέμφομαι
609 1856 740 1903 εἷπον
781 1857 890 1915 ὑμῖν
931 1857 962 1904 ὂὲ
1017 1875 1074 1915 με

257 1913 432 1976 ν’βρισε.
475 1917 714 1959 wolfius
742 1918 892 1960 locum
911 1917 976 1960 sic
1004 1917 1074 1960 in-

257 1974 506 2045 ten-punxit.
537 1969 567 2017 ἃ
593 1970 679 2029 ἐγὼ
702 1976 758 2019 Σ.
780 1972 971 2028 ἐπαινῶ,
995 1973 1075 2018 καὶ

259 2025 322 2076 αὖ
352 2026 383 2074 ἃ
415 2029 669 2102 μέμφομαι.
722 2032 946 2099 συμμίξας
968 2023 1079 2087 ὑμῖν

257 2086 406 2140 εἷπον,
437 2083 468 2131 ἅ
484 2104 538 2143 με
559 2086 730 2148 ὕβρισε.
753 2089 850 2146 ipsa
865 2089 1080 2133 sententia

186 2176 188 2178 v
256 2147 529 2191 adversante.

315 2204 369 2246 Β.
410 2202 650 2260 Χαρμίδην
687 2219 727 2245 τ.
765 2205 844 2246 Γλ.
879 2219 920 2246 κ.
949 2203 1075 2259 τ..λ]

259 2260 329 2303 De
352 2256 614 2312 Charmide,
644 2260 883 2302 Glauconis
903 2261 1012 2314 filio,
1034 2273 1079 2303 v.

258 2318 489 2361 Platon.
510 2317 735 2359 Charmid.
757 2333 797 2373 p.
820 2316 1007 2373 154sqq.

258 2373 345 2417 157
367 2388 459 2429 sqq.
490 2375 739 2428 Xenoph.
767 2375 901 2416 Mem.
924 2376 1003 2417 111.

258 2431 592 2486 Sympos.111.
641 2431 682 2473 9.
726 2430 798 2474 IV.
847 2431 918 2474 29
969 2432 1070 2474 coll.

256 2488 651 2547 Wyttenbach.
675 2489 729 2530 ad
752 2489 910 2532 Select.
940 2488 1073 2531 Prin-

258 2545 342 2600 cip.
374 2542 542 2587 Hister.
574 2560 615 2600 Ρ.
645 2544 743 2587 411.
790 2545 968 2588 Iuvenis
986 2544 1069 2588 fuit

256 2608 302 2645 et
332 2616 495 2658 genere
527 2602 805 2645 nobilissimo
828 2602 1070 2645 Critian-um

258 2659 469 2701 oriundus
499 2664 542 2702 et
580 2661 808 2715 praeclara
842 2660 980 2701 animi
1001 2660 1070 2701 in-

257 2717 358 2758 dole
403 2717 635 2771 praeditus.
678 2739 709 2748 -·
765 2716 1069 2784 Euthydemus

254 2772 523 2829 intelligitur
562 2772 731 2815 Dioclis
763 2774 904 2824 filius3
950 2773 1069 2815 idem

254 2836 322 2872 est
358 2831 435 2886 qui
465 2845 567 2872 cum
601 2831 781 2873 Socrate
816 2831 1070 2885 colloquens

254 2887 480 2930 inducitur
508 2888 626 2943 apud
657 2889 697 2929 X
709 2902 734 2929 e
745 2902 773 2929 ιι
786 2901 812 2929 o
825 2888 909 2943 ph.
932 2889 1066 2930 Mem.
1087 2898 1089 2901 ’

253 2944 328 2987 lv,
350 2943 392 2997 2,
422 2944 492 2986 40.
551 2945 673 2987 Male
697 2958 799 2987 eum
820 2945 1067 2987 Wolfius

254 3000 452 3043 confudit
480 3014 582 3054 cum
601 3002 878 3058 Euthydemo
907 3002 1069 3057 Sophi-

253 3061 346 3110 sta,
376 3057 502 3099 cuius
539 3059 716 3101 nomine
743 3058 938 3101 Platonis
973 3059 1070 3102 dia-

235 3112 395 3184 'logus
408 3114 710 3186 Euthydemus
732 3115 966 3185 inscriptus
987 3122 1064 3158 est.

309 3168 373 3226 μὴ
399 3169 768 3224 ἐξαπατᾶσθαι“
741 3169 833 3216 υπὸ
858 3171 1030 3216 τούτου
1052 3173 1073 3230 ]

252 3228 344 3282 Qui
360 3229 672 3284 imperativum
691 3230 738 3272 in
757 3228 828 3272 his
853 3244 1068 3285 reponen-

251 3284 359 3327 dum
383 3301 484 3328 cens
479 3287 574 3338 uit,
601 3301 703 3329 eum
724 3286 854 3328 latuit
885 3287 1068 3330 infiniti-

202 3374 222 3386 ..
249 3354 355 3384 vum
372 3322 619 3398 pronomini
631 3341 660 3387 ἂ
653 3341 1067 3400 ’ἐπεξηγήσεωςχα-

250 3413 326 3456 ριν
352 3400 551 3446 additum
568 3415 686 3456 esse,
714 3401 769 3445 de
792 3415 879 3458 quo
904 3414 1069 3459 genere

1139 1687 1477 1731 constructionis
1493 1686 1657 1744 passim
1681 1688 1949 1755 monuimus.

1137 1746 1250 1789 Nam
1269 1746 1510 1818 quominus
1533 1747 1646 1788 haec
1683 1760 1734 1788 ac
1738 1762 1760 1788 c
1751 1746 1951 1803 ipiamus

1138 1817 1250 1858 pro:
1289 1803 1365 1845 ἴνα
1393 1799 1455 1858 μὴ
1490 1800 1698 1862 ἐξαπατᾷ
1727 1819 1767 1846 κ.
1802 1821 1842 1846 τ.
1880 1807 1949 1858 λ.,

1138 1874 1244 1902 usus
1279 1860 1490 1915 loquendi
1514 1847 1711 1916 impedit.
1768 1862 1956 1904 Germa-

1139 1917 1238 1960 nice
1267 1918 1380 1959 haec
1411 1918 1567 1960 reddas
1606 1918 1696 1961 sic.
1755 1918 1813 1960 d
1799 1933 1815 1961 1
1833 1933 1886 1960 es
1898 1933 1952 1962 cs

1144 1989 1254 2017 nun
1310 1989 1445 2031 sage
1501 1974 1594 2018 ich
1645 1976 1791 2018 auch
1839 1975 1951 2029 dir,

1143 2031 1276 2074 dass
1332 2033 1402 2074 du
1457 2046 1532 2074 ne
1555 2032 1768 2075 mlich
1823 2033 1954 2075 dich

1144 2089 1319 2131 nicht
1391 2104 1493 2131 von
1549 2089 1767 2132 diesem
1823 2092 1954 2135 tae'iu-

1144 2146 1320 2188 schen
1370 2146 1598 2190 lassest.
1687 2147 1816 2191 Vides
1849 2162 1954 2190 con-

1144 2203 1428 2246 structionem
1486 2204 1804 2247 conformatam
1859 2218 1954 2247 esse

1143 2256 1260 2317 πρὸς
1287 2256 1339 2304 τὸ
1384 2258 1734 2316 σημαινόμενον.
1802 2262 1955 2316 Quum

1143 2318 1262 2359 enim
1281 2312 1312 2360 ἅ
1342 2319 1581 2369 necandum
1611 2319 1952 2374 grammaticam

1136 2375 1354 2417 rationem
1366 2362 1419 2416 ad
1433 2374 1661 2430 superiora
1673 2377 1952 2419 referendum
2037 2385 2040 2388 “

1137 2431 1223 2485 sit,
1251 2437 1397 2474 tamen
1422 2433 1475 2473 ad
1501 2432 1702 2487 proxima
1726 2433 1950 2488 pertinere

1136 2489 1352 2532 sententia
1383 2491 1621 2531 verborum
1651 2489 1756 2532 satis
1801 2490 1951 2533 decla-

1134 2553 1216 2589 rat.
1275 2547 1411 2588 Plene
1443 2545 1530 2587 dici
1561 2550 1735 2601 poterat
1767 2545 1852 2589 sic:
1884 2560 1949 2590 ex

1135 2603 1345 2658 quibus
1395 2616 1543 2658 quae
1581 2617 1950 2658 consequun-

1134 2665 1252 2711 tur,
1293 2674 1354 2703 eu
1394 2659 1567 2702 etiam
1615 2665 1670 2702 te
1722 2674 1967 2714 moneo,'

1134 2716 1427 2759 videlicet
1470 2730 1538 2758 ne
1567 2718 1631 2759 ab
1661 2717 1772 2760 hoc
1801 2718 1951 2760 deci-

1136 2774 1331 2829 piaris
1370 2779 1451 2816 etc.
1496 2797 1524 2805 -
1575 2769 1689 2817 ἀπὸ
1719 2775 1831 2818 τῶν
1859 2771 1947 2830 ἠμ.

1134 2829 1515 2887 παθημάτων.
1549 2845 1612 2873 ex
1650 2831 1752 2885 iis,
1805 2845 1948 2887 quae

1133 2889 1300 2932 nobis
1337 2888 1693 2931 acciderunt.

1191 2940 1338 3003 ω’ςπερ
1363 2943 1556 3000 νήπιον,
1585 2940 1804 2988 παθόντα
1830 2959 1946 2998 ’γνωο

1132 3003 1242 3102 τέξει]
1274 3002 1778 3107 ΒιιοῐιΙιΙιιιᾱΡιιίἔειίῐιιίιιιιι
1798 3007 1872 3100 (ξι
1890 3015 1947 3101 (εἴ

1191 3073 1341 3101 omer
1434 3074 1476 3102 ιιι
1731 3073 1757 3100 v
1833 3058 1859 3100 .-
1903 3072 1928 3099 e

1131 3117 1230 3158 XX.
1260 3115 1433 3159 v.198.
1470 3116 1579 3184 πρίν
1615 3133 1661 3159 τι
1689 3111 1833 3159 κακὸν
1857 3130 1946 3158 πα-

1131 3172 1276 3226 θέειν,
1305 3171 1469 3243 ῥεχθὲν
1489 3172 1538 3216 δέ
1561 3188 1608 3216 τε
1622 3170 1790 3226 νήπιος
1818 3170 1944 3240 ἔγνω.

1133 3205 1571 3301 etHesiod.'‘1.in.g
1591 3230 1741 3272 v.?.·16.
1772 3225 1946 3272 παθών

1136 3287 1254 3331 δέτε
1286 3283 1455 3344 νήπιος
1487 3286 1613 3340 ἔγνω.
1672 3302 1714 3328 v.
1750 3286 1942 3329 Schol.
1979 3301 1982 3307 ·

1133 3345 1191 3390 ad
1219 3345 1267 3389 11.
1297 3345 1329 3389 Ι.
1365 3346 1580 3390 Erosm·
1611 3343 1786 3402 Adagg.
1808 3357 1852 3400 Ρ.
1871 3342 1946 3388 29.
