2040 3646
613 162 981 234 Aroroffla
1015 166 1376 223 soclurxs.
1765 171 1831 227 77

152 313 261 368 τῶν
302 307 538 387 ψήφων,
583 304 944 385 ἄποπεφεύγη
981 303 1064 365 ἄν.
1152 304 1409 385 Μέλητον
1439 304 1538 382 μὲν
1575 293 1730 378 oiim
1755 301 1832 378 ὥς

151 392 270 470 ἐμοὶ
292 396 470 463 δοκῶ,
512 393 605 450 καὶ
626 394 733 451 νῦν
759 389 1147 468 ἅποπέφευγα,
1189 390 1283 448 καὶ
1308 387 1381 449 οὐ
1418 387 1593 467 μόνον
1619 383 1832 449 tincae-

150 483 359 555 φευγα,
422 473 560 534 ἀλλὰ
592 477 751 535 παντὶ
789 478 961 554 δῆλον
998 471 1167 534 τοῦτό
1205 497 1294 553 γε,
1338 470 1436 547 ὅτι,
1472 475 1520 532 εἰ
1551 471 1626 551 μὴ
1664 472 1832 555 ἀνέβη

136 558 371 634 ’Ἄνυτος
405 562 498 619 καὶ
527 558 732 620 Λύκων
752 558 1222 639 κατηγορήσοντες
1244 558 1398 634 ἐμοῦ,
1436 554 1541 617 κᾶν
1571 550 1719 636 ὦφλε
1743 583 1832 638 xt-

149 647 272 718 λίας
293 643 552 724 δραχμάς,
596 641 673 704 οὔ
694 640 1006 721 μεταλαβών
1030 640 1095 702 τὸ
1125 643 1372 722 πέμπτον
1397 641 1563 721 μέρος
1583 639 1692 703 τῶν
1713 642 1829 725 ψή-

149 754 290 808 φων.

318 810 479 906 Cap.
505 809 731 872 XXVI.
828 814 1058 888 Τιμᾶται
1095 806 1145 870 6⁹
1167 799 1272 870 οὖν
1301 831 1396 887 μοι
1429 807 1461 868 ὀ
1486 807 1625 890 ἀνὴρ
1648 804 1829 872 θανά-
1868 826 1919 880 Β

147 918 266 957 vov-

353 901 501 955 Εἰεν.
572 893 673 974 ἐγώ
713 896 772 954 δὲ
815 892 886 975 δὴ
921 897 1068 966 τίνος
1111 892 1240 971 ὑμῖν
1277 893 1686 974 ἄντιτιμήσομαι
1704 940 1720 969 ,
1784 886 1830 956 ὦ

148 980 343 1061 ἄνδρες
361 979 677 1061 Ἀθηναῖοις
716 975 756 1060 ἢ
793 983 980 1060 δῆλον,
1016 976 1100 1039 ὅτι
1132 984 1232 1061 τῆς
1268 977 1454 1054 ἅξίαςς
1502 980 1559 1039 τί
1590 971 1726 1050 οὖνς
1779 981 1834 1040 τί

203 1227 504 1288 α’ποπεφεύγη
530 1227 618 1288 ἅν]
657 1227 731 1275 Sic
763 1230 857 1274 cod.
885 1230 1090 1275 130111.V.
1131 1225 1467 1287 ἆπεπεφεύγειν
1504 1225 1576 1274 ἅν.
1645 1231 1713 1274 De
1749 1244 1831 1275 au-

145 1295 325 1346 gmento
352 1290 515 1332 omisso
543 1303 586 1333 v.
607 1287 1002 1333 Hemflterhus.
1028 1289 1084 1332 ad
1104 1288 1287 1333 Lucian.
1311 1289 1347 1332 1.
1386 1304 1430 1345 p.
1455 1288 1555 1332 3⁰8.
1585 1288 1829 1332 Fischer

148 1348 203 1391 ad
232 1346 409 1389 Weller.
442 1347 500 1389 Π.
530 1361 572 1403 p.
593 1345 692 1390 317.
715 1347 772 1388 al.

202 1403 307 1460 Cap.
327 1403 483 1446 XXVI.
542 1401 571 1460 ἢ
598 1402 760 1459 δῆλον]
791 1401 943 1460 Steph.
974 1383 1176 1460 ἦδῆλον.
1206 1401 1345 1446 Male.

143 1543 228 1601 μία
247 1541 391 1599 μόνον
420 1539 671 1600 μετέπεσεν.
697 1543 953 1586 Lectionem

143 1604 264 1660 τρεῖς
323 1599 657 1656 Stephanus
705 1614 731 1642 e
771 1602 874 1643 Bas.
907 1600 950 1643 2.

141 1659 330 1713 mutavit
348 1658 395 1700 in
414 1654 678 1715 τριάκοντα,
693 1657 952 1700 melioribus

141 1713 271 1759 libris
285 1714 635 1759 assentientibus.
649 1716 775 1769 Quae
790 1716 829 1757 D
843 1715 896 1756 io
906 1729 950 1770 g.

143 1771 180 1816 L
194 1787 256 1815 ae
268 1788 291 1814 r
306 1778 336 1818 t.
361 1773 419 1816 Π.
442 1772 510 1814 41.
543 1773 596 1814 de
616 1772 702 1814 hac
721 1786 773 1821 rel
791 1778 955 1823 narrat,

143 1844 197 1872 ea
223 1844 325 1871 cum
348 1827 557 1872 vPlatonis
585 1827 840 1871 narratione
872 1843 953 1883 pu·-

143 1901 283 1943 gnare
299 1886 518 1937 videntur,
547 1891 597 1927 ut
619 1886 823 1927 dubitare
843 1885 951 1927 lice-

141 1949 212 1996 at,
251 1958 309 1986 an
343 1942 518 1985 numeri
546 1943 661 1996 apud
690 1943 951 1995 alterutrum

142 2000 402 2055 scriptorem
417 1999 662 2055 perturbati
684 1999 784 2043 sint.
835 2000 952 2041 Rem

142 2057 346 2112 expedire
389 2055 555 2098 studuit
593 2056 635 2097 Τ
645 2069 674 2110 y
689 2056 753 2096 ch
768 2070 788 2097 s
800 2070 824 2097 e
835 2070 864 2096 n
903 2055 949 2097 in

142 2113 508 2157 commentatione
529 2112 618 2153 hoc
645 2112 776 2155 titulo
795 2111 952 2154 inseri—

142 2175 250 2226 pta'z
308 2171 491 2212 Ueber
538 2169 645 2210 den
707 2169 949 2212 Prozess

143 2227 170 2269 d
181 2242 205 2269 e
217 2242 238 2270 s
279 2227 345 2269 So
361 2241 415 2269 cr
427 2239 453 2268 a
465 2231 482 2268 t
493 2240 517 2268 e
528 2240 547 2267 s
560 2257 573 2277 ‚
618 2239 741 2280 ⁴quae
788 2225 954 2268 inserta

144 2289 210 2326 est
259 2283 679 2326 Bibliothecae
719 2287 828 2324 vet.
873 2282 952 2324 li-

144 2346 195 2384 te
209 2356 245 2385 r.
267 2345 319 2389 et,
337 2355 397 2383 ar
413 2344 442 2382 t.
474 2339 750 2394 (Bibliothek
771 2339 847 2381 der
884 2340 950 2382 al-

142 2404 217 2442 ten
242 2397 467 2441 Literatur
491 2411 534 2438 u.
567 2395 739 2451 Kunst)
782 2397 885 2438 fasc.
910 2396 948 2438 Ι.

142 2470 184 2510 p.
212 2453 389 2497 1—53.
418 2459 461 2495 et
495 2455 597 2496 fasc.
619 2453 678 2495 Π.
697 2468 750 2510 P·
771 2453 797 2494 1
821 2453 946 2495 -60.

141 2512 220 2557 ubi
248 2525 287 2554 v.
321 2510 500 2552 secundi
518 2510 679 2553 volum.
707 2525 747 2564 p.
769 2509 826 2552 40
853 2525 944 2565 sqq.

138 2568 228 2620 Nos
248 2583 363 2610 nunc
384 2562 498 2610 nihil
519 2568 815 2610 decernamus.

119 2685 122 2688 ’
196 2682 322 2739 εἰμὴ
358 2677 499 2741 ἀνέβη
530 2677 715 2735 ’Ἄνυτος
752 2683 830 2728 καὶ
858 2680 950 2728 Λύ-

142 2740 262 2796 κων]
300 2741 514 2782 Videlicet
539 2756 673 2796 qaum
704 2743 872 2798 Anytus
906 2746 950 2784 et

140 2800 262 2854 Lyco
285 2796 452 2849 Meliti,
482 2799 558 2852 qui
590 2799 809 2841 actionem
826 2799 951 2842 insti-

142 2859 305 2906 tuerat,
359 2851 604 2911 συνήγοροι
636 2856 709 2896 vel
742 2854 949 2899 σύνδικοι

141 2916 284 2953 essent
300 2942 312 2962 ‚
338 2911 408 2952 his
430 2916 475 2952 et
499 2910 603 2966 ipsis
635 2912 799 2955 licebat
815 2913 859 2955 in
880 2913 949 2954 iu-

142 2967 257 3010 dicio
283 2976 436 3009 contra
470 2967 695 3011 Socratem
724 2971 862 3012 verba
883 2970 949 3011 fa-

143 3039 259 3067 cere.
293 3039 335 3067 v.
391 3024 585 3066 Meier.
635 3031 689 3067 et
733 3026 949 3069 Schoe-

143 3096 312 3124 mann.
341 3081 371 3123 l.
401 3096 439 3124 c.
470 3096 511 3136 p.
541 3079 626 3123 707
647 3096 739 3137 sqq.

167 3187 170 3190 '
197 3172 283 3222 κᾶν
307 3171 429 3228 ὦφλε
450 3194 488 3233 χ.
514 3179 624 3237 δρ.-
640 3179 733 3222 τῶν
753 3176 946 3235 ψήφων]

141 3236 274 3278 Actor
291 3236 374 3278 nisi
401 3237 598 3290 quintam
631 3235 951 3292 suffragiorum

142 3298 308 3348 partem
336 3293 532 3344 tulisset,
571 3293 697 3334 mille
729 3291 949 3335 drachmis

139 3350 410 3392 multabatur
430 3350 626 3403 adeoque
646 3349 828 3391 infamia
865 3343 948 3402 (ἇ-

138 3405 287 3465 τιμίᾳ)
317 3406 577 3458 notabatur,
607 3418 695 3461 qua
722 3405 871 3458 fiebat,
899 3411 950 3450 ut

1015 1557 1071 1586 ne
1087 1544 1132 1587 in
1142 1547 1364 1600 posterum
1374 1547 1603 1587 accusator
1611 1540 1830 1601 *exsistere

1016 1609 1175 1656 posset.
1206 1616 1251 1644 v.
1273 1602 1552 1648 Demosth.
1577 1602 1622 1644 in
1644 1603 1763 1645 Mim
1815 1634 1828 1648 .

1017 1655 1114 1700 529.
1145 1656 1214 1700 23.
1244 1657 1292 1700 in
1320 1658 1561 1702 Timocrat.
1591 1675 1634 1714 p.
1654 1658 1752 1702 702.
1782 1619 1826 1703 g.

1018 1714 1064 1756 in
1077 1716 1271 1759 Theocr.
1291 1731 1332 1770 p.
1357 1708 1483 1758 1323.
1514 1715 1584 1758 19.
1607 1716 1665 1770 al.
1691 1717 1830 1759 Har-

1016 1786 1044 1827 p
1057 1786 1082 1814 o
1096 1776 1227 1814 crat.
1238 1772 1286 1814 in
1298 1769 1835 1830 &aigmvygocoe25.lllcur-„

1018 1825 1061 1871 si
1075 1844 1132 1871 us
1146 1828 1285 1874 Lectt.
1308 1829 1439 1872 Attio.
1457 1831 1508 1872 V.
1541 1829 1611 1872 13.
1631 1835 1676 1873 et
1706 1831 1830 1873 The—

1016 1886 1123 1928 mid.
1162 1886 1249 1928 Att.
1293 1886 1352 1928 II.
1386 1884 1456 1929 21.
1544 1886 1827 1931 Matthiae

1016 1943 1047 1984 l.
1079 1957 1116 1985 c.
1162 1958 1203 1998 p.
1242 1940 1353 1985 27ορ
1388 1942 1488 1986 coll.
1542 1944 1735 1987 Meier.
1783 1949 1829 1987 et

1018 1997 1393 2042 Schoemann.
1434 2001 1464 2042 l.
1495 2014 1533 2043 c.
1566 2015 1607 2056 p.
1634 2000 1733 2044 734.
1760 2016 1825 2057 sq.

1016 2056 1138 2098 Dicit
1167 2061 1313 2098 autem
1354 2057 1556 2101 Socrates
1601 2058 1826 2111 Melitam,

1017 2113 1104 2161 nisi
1124 2112 1256 2168 Anyti
1284 2118 1329 2155 et
1347 2113 1537 2169 Lyconis
1560 2110 1725 2156 auxilio
1746 2129 1828 2171 ga·-

1017 2169 1136 2211 visus
1175 2173 1308 2222 esset,
1350 2184 1439 2211 non
1470 2170 1605 2212 fuisse
1628 2171 1826 2215 laturum

1018 2226 1216 2280 quintam
1274 2229 1442 2280 partem
1492 2227 1826 2283 stiffi-agionun,

1015 2297 1151 2337 quum
1176 2282 1312 2338 ipsius
1343 2284 1583 2326 auctoritas
1617 2291 1660 2326 et
1678 2286 1826 2340 gratia

1014 2353 1101 2382 non
1128 2346 1248 2382 tanta
1267 2354 1360 2381 esse
1383 2341 1599 2394 videatur,
1627 2356 1739 2396 quae
1763 2343 1828 2385 ef-

1013 2394 1147 2437 ficere
1178 2397 1272 2439 sola
1307 2397 1498 2451 potuerit
1511 2430 1523 2449 ‚
1572 2402 1621 2440 ut
1656 2397 1826 2444 iudices

1014 2453 1158 2508 ipsum
1217 2454 1569 2498 condemnarent.
1654 2454 1825 2499 Locum

1012 2524 1244 2565 perperam
1263 2510 1480 2553 intellexit
1496 2513 1532 2553 F
1545 2511 1558 2553 ἰ
1572 2527 1590 2553 s
1605 2511 1670 2552 ch
1681 2525 1736 2554 cr
1747 2527 1775 2555 u
1789 2528 1825 2566 s,

1012 2576 1133 2608 recte
1142 2567 1451 2622 interpretatus
1464 2576 1529 2612 est
1541 2570 1572 2612 S
1586 2583 1610 2610 c
1619 2569 1652 2610 11
1662 2569 1679 2610 l
1691 2583 1715 2611 e
1724 2569 1740 2612 i
1750 2584 1826 2612 er-

1013 2633 1059 2664 m
1074 2624 1332 2668 acherus,
1709 2628 1711 2631 ’
1844 2640 1847 2647 ”

1072 2741 1347 2797 Cap.xxvl.
1378 2741 1432 2786 Β.
1467 2742 1666 2797 Τιμᾶται
1685 2736 1724 2786 δ’
1739 2735 1826 2787 οὖν

1013 2813 1095 2853 μοι
1128 2797 1152 2843 ὁ
1189 2794 1304 2856 ἀνὴρ
1342 2795 1586 2855 θανάτου]
1642 2801 1827 2844 Solebat

1014 2856 1134 2897 enim
1182 2861 1305 2898 actor
1343 2856 1693 2899 aestimationem
1732 2858 1827 2900 litis

1014 2913 1173 2954 addere
1223 2913 1269 2954 in
1319 2913 1474 2955 libello
1517 2914 1824 2966 accusationis,

1013 2969 1098 3011 nisi
1118 2984 1259 3024 poena
1278 2969 1369 3011 iam
1384 2970 1561 3026 legibus
1584 2971 1825 3014 constituta

1014 3033 1140 3069 esset.
1170 3026 1266 3068 Fis
1283 3026 1505 3068 cherus.

1074 3118 1103 3178 ἢ
1136 3123 1277 3179 δῆλον
1316 3117 1389 3167 ὅτι
1417 3121 1500 3178 τῆς
1524 3116 1683 3176 ἀξίας]
1714 3123 1760 3165 h.
1782 3137 1821 3165 e.

1017 3181 1113 3222 scd
1164 3158 1297 3235 quitl
1341 3179 1588 3235 quaero?
1645 3193 1711 3220 an
1767 3179 1823 3221 id

1015 3237 1241 3292 quidem
1303 3236 1680 3278 manifestum
1737 3241 1823 3277 est

1014 3300 1096 3339 etc.
1151 3308 1193 3335 v.
1240 3291 1294 3336 ad
1322 3293 1628 3349 Eutbyphron.
1681 3306 1723 3346 p.
1747 3291 1818 3334 24.

1013 3351 1252 3406 Perper-am
1279 3349 1419 3406 igitur
1449 3344 1479 3407 ἦ
1498 3348 1720 3392 scribitur.
