2040 3646
737 139 1171 235 sYMPosmM.

182 235 209 261 a*

1725 182 1795 245 49

111 314 184 396 δὴ
210 316 303 375 καὶ
322 314 598 423 οὐρανίαν
630 316 1049 395 ἐπονομάζομεν·
1101 316 1141 400 ἡ
1166 317 1228 378 δὲ
1261 316 1497 398 νεωτέρα
1521 315 1663 393 Διὸς
1695 318 1791 378 καὶ.

93 400 361 506 Διώνης,
402 400 474 483 ἣν
499 400 572 509 δὴ
599 400 889 482 πάνδημον
919 407 1214 480 καλοῦμεν.
1273 401 1568 481 ἀναγκαῖον
1601 402 1674 486 δὴ
1694 404 1788 463 καὶ
1808 417 1862 473 Ε

93 482 315 562 Ἔρωτα
336 484 434 546 τὸν
457 488 555 564 μὲν
575 491 644 563 τῇ
665 486 816 593 ἑτέρα
837 484 1105 566 συνεργὸν
1138 486 1426 592 πάνδημον
1460 486 1673 566 ὀρθῶς
1682 511 1786 548 κα-

106 575 355 644 λεῒσθαι,
411 570 509 631 τὸν
530 572 590 630 δὲ
613 569 891 647 οὐράνιον.
951 573 1186 632 ἐπαινεῖν
1217 573 1316 649 μὲν
1346 595 1454 632 ουν
1479 577 1566 633 δεῖ
1581 571 1789 647 πάντας

106 654 297 728 θεούς.
354 680 390 714 α
415 654 465 715 δ’
487 657 594 715 οὐν
627 655 876 735 ἑκάτερος
898 658 1073 737 εἴληχε
1098 658 1383 734 πειρατέον
1410 658 1592 718 εἰπεῖν.
1633 663 1789 718 πᾶσα

105 763 210 819 γαρ
244 738 440 817 πραξις
476 732 573 799 ὧδ’
592 741 710 817 ἔχει·
721 738 909 848 αυτὴ
948 739 1077 819 ἐφ’
1056 746 1255 821 εαυτῆς
1274 742 1617 823 πραττομένη
1659 740 1788 803 οὔτε
1811 752 1932 813 18],

106 821 275 904 καλὴ
274 822 401 883 οὔτε
429 824 640 902 αἰσχρά.
685 821 806 884 οἷον
829 821 862 885 ὃ
889 830 996 884 νῦν
1017 822 1174 904 ἡμεῖς
1192 832 1487 904 ποιοῦμεν,

1541 824 1580 908 ἢ
1614 829 1790 890 πίνειν

105 905 187 990 ἢ
169 899 368 968 vidus
341 906 380 988 η’
403 910 779 987 διαλέγεσθαι,
835 932 945 968 ουκ
974 910 1083 968 ε’στι
1107 909 1321 971 ταύτων
1351 908 1491 970 αὐτὸ
1524 910 1655 971 καθ’
1680 911 1787 973 αὖ·

104 990 168 1051 τὸ
194 989 328 1051 καλ
302 1015 367 1051 ον
389 991 584 1066 ουδέν,
630 991 747 1051 αλλ’
768 993 825 1054 ἐν
846 998 915 1069 τῇ
938 991 1156 1071 πράξει,
1199 992 1274 1068 ὥς
1296 1018 1365 1055 αν
1383 1001 1626 1074 πραχθῇ,
1669 1018 1788 1058 τοι·

104 1099 280 1137 ουτον
303 1075 494 1158 απέβη·
537 1082 718 1150 καλῶς
736 1078 835 1154 μὲν
858 1101 962 1157 γαρ
985 1077 1353 1156 πραττόμενον
1376 1082 1470 1139 καὶ
1485 1079 1671 1185 ὀρθῶς
1682 1105 1785 1141 κα-

102 1159 206 1221 λὸν
241 1163 500 1241 γίγνεται,
555 1159 632 1244 μὴ
671 1160 858 1241 ὀρθῶς
894 1164 953 1221 δὲ
991 1162 1231 1243 αἰσχρόν.
1298 1161 1446 1225 ου’τω
1481 1163 1552 1245 δὴ
1589 1167 1681 1224 καὶ
1718 1164 1783 1226 τὸ

101 1247 232 1324 ἐρᾶν
251 1249 344 1306 καὶ
369 1245 401 1306 6
411 1245 595 1325 ’Ἐρως
620 1270 694 1306 ου
718 1253 828 1320 πᾶς
853 1247 963 1306 ἐστι
983 1246 1154 1322 καλὸς
1187 1246 1321 1309 ουδὲ
1349 1247 1500 1324 ἄξιος
1523 1249 1786 1330 ἐγκωμια-

102 1335 323 1405 ζεσθαι,
380 1329 497 1390 om?
526 1330 558 1390 6
586 1336 768 1405 καλῶς
794 1332 1114 1438 προτρέπων
1140 1334 1286 1412 ἐρᾶν.

275 1417 436 1497 Cap.
463 1420 572 1478 IX.
654 1413 721 1475 Ο
742 1418 840 1494 μὲν
869 1440 977 1477 ουν
1009 1423 1108 1498 τῆς
1141 1417 1441 1498 πανδήμου
1461 1415 1785 1523 Ἀφροδίτης

99 1498 175 1575 ὥς
196 1497 423 1582 άληθῶς
446 1500 737 1582 πάνδημός
774 1502 886 1562 ἐστι
916 1504 1011 1562 καὶ
1034 1500 1429 1584 ἐξεργαζεται”
1394 1527 1428 1563 ο
1451 1524 1503 1563 τι
1530 1500 1599 1565 ἂν
1623 1504 1778 1583 τύχῃ·
1799 1515 1853 1569 Β

158 1674 363 1722 ἐπαινεῖν
383 1675 469 1747 μεν
489 1693 631 1721 ovv-
657 1677 903 1749 πειρατέον
924 1678 1099 1751 εἰπεῖν]
1138 1677 1314 1722 Bastius
1336 1675 1448 1721 coni.
1483 1677 1686 1723 ἐπαινεῖν
1703 1677 1788 1734 μὲν

103 1726 188 1779 οὖν
213 1730 267 1778 οὐ
290 1736 359 1778 δεῖ
378 1732 555 1785 πάντας
577 1733 736 1806 θεούς·
768 1753 799 1780 α
832 1733 871 1780 δ’
900 1752 984 1780 ουν
1008 1752 1071 1780 εκ.
1121 1735 1380 1778 Orellius
1408 1736 1464 1779 ad
1484 1737 1662 1779 Isocrat
1692 1737 1723 1778 l.
1746 1752 1785 1780 c.

99 1788 262 1847 psam.
290 1794 430 1835 verba
453 1790 660 1836 ἐπαινεῖν
681 1786 765 1836 οὖν
785 1794 857 1837 δεῖ
873 1792 1050 1844 πάντας
1070 1790 1216 1843 θεούς
1235 1793 1460 1849 glossema
1478 1807 1576 1840 esse
1586 1795 1785 1853 Putabat.

99 1849 249 1893 Astius
273 1842 356 1892 οὖν
379 1854 481 1891 ante
502 1864 715 1906 εκατερος
734 1850 967 1893 delendum
993 1851 1212 1894 censebat.
1241 1863 1283 1893 v.
1305 1854 1454 1893 annot.

158 1920 266 1976 Cap.
286 1920 365 1964 IX.
423 1914 452 1963 δ’
472 1936 518 1964 τι
537 1936 595 1964 αν
620 1917 767 1978 τύχῃ]
809 1920 974 1966 Vitiose
992 1925 1096 1965 vett.
1118 1921 1242 1964 editt.
1263 1918 1407 1977 τύχοι.

100 2063 171 2104 tro
209 2063 390 2116 pazente
431 2062 632 2113 careant,
683 2057 809 2103 docte
838 2059 914 2104 dc·-

101 2118 363 2160 monstravit
381 2117 802 2173 Wesselingius
819 2118 913 2161 Ob-

101 2186 241 2218 servv.
264 2176 323 2217 11.
347 2174 415 2216 10.
443 2190 484 2229 p.
506 2174 592 2216 177
613 2188 707 2229 sqq.
751 2176 913 2217 Deve-

101 2239 207 2274 nere
230 2231 472 2288 vulgivaga
501 2245 552 2272 ex
575 2232 683 2273 Iove
704 2236 746 2274 et
766 2232 911 2275 Dione

101 2295 208 2330 nata
233 2303 275 2330 v.
294 2288 431 2342 intpp.
455 2289 510 2330 ml
533 2288 714 2330 Cicer.
739 2289 794 2330 de
811 2290 910 2332 Nat.

100 2344 909 2389 Deor.111.23.E1menh01-st.

101 2402 340 2455 adApulei.
352 2417 393 2457 p.
405 2401 491 2444 328
506 2416 597 2456 sqq.
625 2407 668 2444 et
692 2417 800 2456 quos
813 2404 910 2445 lau-

101 2459 177 2501 dat
204 2460 278 2501 Ba
291 2460 368 2501 eh.
399 2460 454 2500 ad
488 2460 685 2513 Xenoph.
708 2459 908 2516 Sympos.

101 2509 319 2559 vl11.19'.
372 2516 584 2558 Ceterum
603 2516 676 2557 vix
700 2521 765 2558 est
794 2516 911 2571 quod

99 2585 306 2615 moneam
325 2576 466 2615 totum
489 2574 575 2615 hoc
597 2579 911 2629 argumentum

18 2635 19 2639 ’
103 2643 132 2671 a
155 2629 377 2672 Pausania
393 2630 453 2673 ita
472 2630 677 2683 tractari,
713 2634 764 2673 ut
782 2632 911 2673 fabu-

9 3071 41 3256 ,Ξ

17 3262 35 3341 ‘k

17 3342 48 3412 ἒ

100 2686 167 2728 las
188 2687 242 2727 de
260 2687 422 2728 Amore
443 2692 487 2729 et
511 2688 678 2730 Venere
701 2701 782 2741 pro
805 2702 910 2729 con-

100 2742 203 2785 silio
228 2757 307 2784 suo
338 2745 573 2788 mutaverit
592 2744 720 2799 eique
736 2758 913 2787 accom-

101 2799 359 2842 modaverit.

158 2857 210 2899 E.
254 2855 458 2900 ἐπαινεῖν
475 2854 559 2912 μεν
582 2848 666 2902 οὖν
694 2857 765 2902 δεῖ
791 2855 911 2902 πάν-

100 2929 184 2963 τας
204 2910 368 2969 θεούς]
402 2913 598 2957 Omnes
627 2915 757 2958 deos
787 2927 911 2959 cum

44 3004 65 3018 ,
100 2970 134 3012 h
155 2985 229 3012 on
253 2972 358 3013 ori
382 2986 402 3014 s
453 2971 911 3028 significatione

103 3031 583 3072 edmmemorare
643 3025 909 3086 (ἐπαινεῖν)

100 3083 345 3138 pietatis
390 3092 501 3137 est3
559 3099 666 3128 non
719 3091 909 3130 autem

101 3153 290 3184 omnes
329 3142 586 3185 encomio
615 3143 778 3199 digni
805 3145 910 3187 ha-

98 3196 230 3238 beri
260 3204 510 3253 possunt.
554 3200 620 3242 Ne
641 3200 909 3244 Pausaniam

17 3262 37 3311 2
99 3253 320 3296 existimes
345 3255 431 3297 sibi
446 3256 756 3299 contradicere.

159 3305 218 3353 αὖ
222 3307 275 3365 τὴ
302 3307 371 3366 ἐφ’
394 3310 562 3368 εαυτῆς
581 3306 906 3381 πραττομένη]

95 3364 424 3431 Participium
411 3369 701 3426 πραττομένη
729 3371 911 3413 damna-

13 3419 46 3487 3¹
96 3422 534 3481 vitStephanus,
566 3427 639 3469 cui
672 3427 910 3470 assentitur

179 3493 291 3536 Plustt
324 3494 383 3550 02
381 3511 433 3549 εἰ.»
477 3496 572 3538 vel
604 3497 640 3540 1.
664 3498 788 3544 Sect.
817 3499 896 3543 111.

978 2061 1016 2104 A
1032 2061 1189 2106 stius.
1247 2058 1439 2113 Iniuria,
1468 2060 1635 2116 opinor.
1693 2060 1734 2106 N
1765 2086 1788 2095 -

979 2120 1084 2160 dum
1130 2118 1208 2161 hic
1255 2118 1434 2173 ponitur
1487 2117 1785 2185 participium,

978 2190 1064 2230 quo
1083 2175 1228 2232 magis
1247 2178 1448 2242 emergat
1464 2174 1531 2217 vis
1552 2175 1635 2218 adv
1638 2177 1787 2218 erbio-

976 2246 1077 2274 rum
1091 2233 1136 2274 in
1148 2232 1383 2302 proximis:
1415 2247 1475 2281 ως
1497 2225 1555 2275 ὂὶν
1578 2234 1785 2291 πραχθῇ,

976 2289 1126 2339 καλῶς
1153 2287 1236 2344 μὲν
1257 2304 1342 2347 γαρ
1365 2286 1682 2345 πραττόμενον
1706 2278 1787 2333 καὶ

975 2343 1147 2414 ὀρθῶς.
1205 2347 1304 2388 Hoc
1329 2353 1476 2389 autem
1494 2347 1588 2388 vult
1611 2347 1785 2390 dicerze

974 2418 1061 2446 non
1100 2403 1243 2458 ipsam
1281 2403 1500 2445 actionem
1546 2407 1589 2445 et
1623 2418 1702 2459 per
1736 2418 1785 2446 se

974 2464 1212 2516 spectatam
1243 2473 1337 2502 esse
1363 2460 1433 2502 vel
1457 2460 1594 2501 hones
1598 2465 1686 2502 tam
1714 2461 1786 2503 vel

975 2522 1161 2573 turpem,
1191 2517 1267 2559 sed
1286 2518 1468 2558 modum
1490 2522 1532 2558 et
1576 2517 1783 2570 ationem,

975 2589 1062 2629 qua
1096 2574 1287 2630 quidque
1317 2574 1421 2627 fiat,
1468 2574 1509 2615 ei
1578 2575 1785 2617 onestatis

974 2632 1046 2673 vel
1094 2630 1375 2686 turpitudinis
1422 2635 1574 2672 notam
1611 2631 1785 2675 afferre.

974 2689 1152 2730 Poterat
1183 2687 1328 2730 omitti
1366 2687 1668 2742 participium,
1720 2688 1786 2730 fa-

977 2749 1096 2787 teor:
1138 2749 1181 2787 et
1211 2744 1459 2786 omisissent
1485 2745 1666 2786 sortasse
1689 2745 1784 2797 alii,

976 2801 1053 2857 qui
1085 2816 1172 2844 non
1197 2801 1413 2843 haberent
1440 2802 1686 2844 Pausaniae
1715 2801 1782 2842 in-

974 2858 1170 2915 genium.
1241 2858 1367 2900 Unde
1394 2873 1482 2900 non
1514 2858 1678 2899 mirum
1717 2863 1783 2900 est

975 2916 1240 2958 Proclum
1267 2915 1312 2957 in
1323 2915 1616 2957 Commentar.
1637 2916 1690 2957 ad
1705 2915 1784 2956 Al-

976 2973 1135 3015 cibiad.
1173 2972 1308 3027 prior.
1347 2973 1400 3014 P.
1429 2970 1465 3014 I.
1504 2987 1547 3026 p.
1573 2970 1672 3014 215.
1712 2971 1780 3014 ed.

977 3030 1159 3082 Creuz„
1189 3029 1266 3071 ubi
1290 3029 1409 3070 hunc
1427 3029 1576 3070 locum
1608 3028 1780 3081 recitat,

974 3088 1159 3129 verbum
1172 3085 1430 3142 neglexisse.
1463 3086 1667 3126 Ceterum
1679 3099 1784 3126 con-

971 3144 1106 3186 vertit
1129 3144 1248 3184 hunc
1273 3143 1426 3185 locum
1466 3141 1719 3185 Gellius
1727 3141 1782 3187 N.

973 3195 1276 3246 A.xv11.20.

1031 3313 1135 3382 Cap.
1163 3312 1246 3359 IX
1274 3312 1327 3356 B.
1379 3304 1714 3383 ἔξεργαζεται“
1686 3327 1711 3355 ο
1737 3327 1783 3355 τι

976 3364 1036 3413 ὃὶν
1066 3368 1207 3427 τύχῃ]
1246 3370 1392 3411 Intell.
1423 3366 1785 3438 ἐξεργαζόμενος.

975 3427 1050 3470 Sic
1079 3441 1181 3470 mox
1214 3428 1266 3468 B.
1300 3426 1540 3484 ξυμβαίνει
1567 3422 1730 3479 αὐτοῖς
1758 3421 1810 3474 5³¹

1242 3487 1283 3542 l·
