2040 3646
1582 169 1772 217 XXXIII

52 346 54 348 ,
89 307 168 367 qui
186 306 339 366 scripti
363 319 459 351 esse
475 305 678 352 videntur
699 318 725 351 a
743 304 929 351 Platone
947 305 1052 351 inde
1079 308 1136 353 ab
1166 321 1220 352 eo
1248 309 1468 366 tempore,
1495 321 1584 367 quo
1613 300 1667 355 se*
1700 312 1788 355 di-'

90 379 303 452 sciplinae
311 386 563 437 Socraticae
580 392 817 446 dediderat,
845 389 985 448 usque
998 393 1053 435 ad
1069 393 1276 450 magistri
1296 394 1621 439 damnationem
1637 401 1769 453 atque

88 483 278 522 mortem
306 482 350 521 et
377 478 577 534 proximo
608 476 768 519 dehinc
802 480 1014 532 tempore.
1088 479 1271 521 Habent
1302 483 1449 522 autem
1473 479 1544 523 illi
1574 482 1768 525 nondum
1827 522 1829 527 .

86 564 187 607 eam
211 563 319 606 artis
341 565 385 604 et
409 562 635 605 doctrinae
652 561 989 618 perfectionem,
1021 575 1154 617 quam
1175 577 1283 618 prae
1312 577 1360 633 sle
1389 564 1540 607 ferunt
1561 563 1640 620 qui
1659 565 1768 611 scri-

13 687 21 691 -
75 648 151 704 'pti
170 652 272 691 sunt
293 650 467 703 postea3
509 659 760 702 quanquam
779 646 845 689 vis
864 645 1037 703 ingenii
1057 647 1276 691 Platonici
1306 647 1354 690 in
1381 647 1439 691 iis
1471 662 1555 692 non
1579 651 1769 696 obscura

86 737 154 778 est
185 737 230 776 et
255 731 492 789 paullatim
522 729 667 786 magis
699 730 1043 787 exsplendescit,
1079 735 1129 774 ut
1162 730 1348 786 quisque
1374 732 1541 775 seriore
1570 738 1768 791 tempore

86 821 154 859 est
173 814 452 872 compositus.
496 812 798 869 »Explicantur
819 815 939 857 enim
957 815 1051 858 fere
1069 814 1127 858 in
1151 814 1243 858 illis
1265 824 1355 858 non
1371 815 1458 859 nisi
1481 817 1646 874 singuli
1670 819 1769 875 qui-

84 901 190 946 dam
203 900 306 952 loci,
326 899 390 942 sic
407 902 456 941 ut
477 897 696 953 imprimis
722 897 945 954 sophistae
969 903 1299 956 oppugnentur3
1322 900 1545 944 doctrinae
1569 896 1767 947 idearum

85 985 213 1041 quasi
231 983 373 1041 prima
393 987 646 1038 comparent
671 982 823 1035 initia3
849 984 975 1027 nulla
1010 984 1116 1026 dum
1142 984 1333 1041 vestigia
1362 985 1769 1043 Pythagoricorum
1816 1039 1818 1042 ⁸

84 1069 347 1126 placitorum
367 1067 719 1123 eonspiciuntur3
747 1067 889 1111 iustae
914 1062 1172 1125 discilflinae
1200 1070 1419 1113 rationem
1449 1072 1614 1115 frustra
1635 1088 1769 1128 quae-

84 1168 184 1207 ras,
211 1166 465 1210 quanquam
500 1152 597 1195 eius
618 1152 744 1209 quasi
764 1153 1049 1197 fundamenta
1078 1154 1294 1210 quaedam
1318 1155 1436 1211 iacta
1469 1170 1566 1198 esse
1588 1157 1769 1201 videan-

84 1243 158 1282 tur
175 1253 256 1295 per
285 1237 481 1282 studium
506 1236 734 1280 doctrinae
764 1237 1042 1293 superiorum
1071 1239 1434 1296 philosophorum
1452 1271 1466 1293 ‚
1502 1255 1612 1296 quos
1637 1257 1770 1299 supra

83 1312 362 1368 narravimus
380 1324 612 1366 Platonem
632 1325 806 1365 mature
822 1323 1095 1379 cognovisse.
1151 1325 1317 1368 Forma
1334 1325 1506 1382 dialogi
1532 1325 1579 1368 in
1611 1327 1770 1383 pleris-
1800 1370 1804 1372 o

82 1424 169 1465 que
188 1422 324 1465 prope
343 1407 512 1466 accedit
536 1406 593 1450 ad
617 1406 983 1462 Xenophonteam
1007 1407 1336 1464 simplicitatem
1355 1415 1399 1453 et
1409 1388 1693 1466 facilitatem,
1720 1417 1771 1457 ut

79 1494 212 1538 facile
226 1506 442 1550 agnoscas
469 1491 686 1535 rationem
702 1491 1000 1545 Socraticam3
1030 1492 1106 1535 sed
1128 1494 1363 1549 paullatim
1389 1495 1568 1551 propius
1601 1498 1771 1541 accedit

82 1580 141 1623 ad
157 1578 264 1622 artis
283 1576 617 1635 perfectionem,
644 1575 785 1618 veluti
803 1575 850 1618 iu
868 1576 1120 1634 Protagora
1141 1583 1184 1622 et
1202 1581 1374 1637 Gorgia
1389 1614 1401 1636 ‚
1432 1584 1483 1622 ut
1512 1594 1600 1623 nou
1633 1582 1771 1639 possit
1810 1632 1812 1636 ,

81 1662 323 1707 obscurum
339 1675 461 1714 esse,
490 1664 704 1716 quantum
727 1664 957 1716 poetarum
987 1662 1121 1707 lectio
1155 1677 1207 1707 ac
1236 1664 1440 1708 tractatio
1468 1665 1646 1707 Platoni
1669 1681 1772 1722 pro-

85 1747 220 1792 l‘ucrit
251 1746 308 1789 ‘ad
341 1745 625 1801 dialogorum
654 1745 1031 1801 compositionem.
1099 1748 1255 1804 Itaque
1286 1749 1418 1792 facile
1450 1748 1592 1792 estad
1622 1751 1773 1794 exist-i-

81 1833 292 1876 mandum
310 1831 394 1873 hos
416 1825 640 1872 sermones
662 1844 750 1873 non
771 1836 863 1875 tam
880 1836 982 1888 apte
1001 1831 1117 1875 inter
1150 1847 1198 1875 se
1219 1833 1458 1877 cohaerere
1472 1865 1485 1886 ,
1514 1837 1567 1876 ut
1588 1848 1677 1878 una
1703 1850 1772 1878 se-

81 1917 150 1970 rie
169 1921 212 1960 et
230 1915 556 1960 continuatione
577 1914 760 1958 connexi
778 1915 879 1960 sint.
950 1918 1081 1973 Quod
1103 1916 1182 1972 qui
1204 1921 1438 1973 putarunt,
1478 1917 1513 1960 ii
1555 1920 1773 1976 neglectis
1802 1971 1805 1974 ,

83 2006 335 2058 temporum
366 1999 613 2043 rationibus
651 2001 888 2045 Platonem
926 2001 1058 2046 nobis
1091 2001 1549 2045 finxerunt-iuvenem
1577 2004 1772 2059 aliquem

82 2084 392 2143 philosophiae
415 2085 731 2140 professorem,
760 2085 838 2139 qui
871 2085 1020 2129 statim
1043 2087 1099 2129 ab
1130 2085 1260 2128 initio
1291 2086 1506 2128 curriculi
1532 2090 1775 2134 academici

84 2170 250 2228 placita
267 2182 348 2212 sua
371 2168 496 2224 quasi
515 2168 564 2211 in
590 2169 850 2225 compendio
872 2170 1130 2226 consignata
1152 2169 1365 2212 habuerit
1383 2184 1436 2213 ac
1457 2169 1662 2229 deinceps
1683 2175 1774 2218 sin-

85 2256 195 2313 gula
212 2253 386 2310 seriptis
404 2253 704 2296 illustraverit.
734 2254 881 2296 Multo
900 2253 1046 2296 minus
1066 2253 1334 2297 autemillos
1358 2254 1488 2310 quasi
1509 2271 1588 2311 pro
1611 2272 1771 2315 appen-

83 2340 256 2383 dicibus
278 2338 500 2382 maiorum
530 2337 752 2380 librorum
776 2339 945 2382 habere
973 2338 1103 2391 licet,
1143 2342 1193 2382 ut
1219 2339 1296 2394 qui
1322 2343 1598 2396 eotempore
1619 2345 1774 2401 scripti

85 2424 174 2468 sint
189 2457 203 2478 ‚
221 2438 308 2479 quo
328 2422 619 2479 philosophus
640 2424 834 2466 nondum
856 2424 1120 2479 explicatam
1141 2426 1321 2468 tenebat
1342 2425 1490 2468 animo
1516 2426 1775 2484 diseiplinao

24 2499 27 2503 ’
86 2511 275 2552 formam
293 2511 337 2550 et
353 2507 586 2551 rationem.
657 2510 784 2564 Quae
818 2510 966 2553 omnia
1000 2509 1077 2565 qui
1107 2508 1346 2566 diligenter
1383 2513 1708 2567 reputaverint,
1738 2514 1773 2558 ii

85 2595 337 2637 fatebuntur
370 2593 685 2636 difficillimum
719 2607 814 2637 esse
841 2594 898 2637 ad
932 2593 1253 2647 definiendum,
1296 2608 1383 2650 quo
1410 2599 1607 2651 tempore
1631 2603 1674 2641 et
1702 2614 1775 2642 or·-

88 2678 191 2721 dine
211 2677 378 2734 singuli
397 2676 468 2719 illi
489 2691 712 2721 sermones
742 2679 792 2721 in
821 2679 1051 2735 publicum
1079 2678 1339 2735 prodierint.
1407 2680 1667 2736 Quanquam
1694 2682 1774 2728 ubi

88 2767 185 2806 tum
217 2766 556 2818 argumentum,
595 2764 712 2819 quod
743 2767 956 2821 tractant,
986 2769 1082 2807 tum
1110 2762 1354 2806 disserendi
1387 2763 1630 2823 rationem,
1660 2781 1773 2823 quae

90 2847 137 2890 in
159 2845 349 2902 singulis
374 2851 554 2902 regnat,
582 2851 678 2891 tum
701 2848 923 2892 scribendi
947 2847 1292 2905 opportunitates
1317 2853 1520 2892 accurate
1535 2853 1775 2907 perpende-

93 2930 178 2984 ris,
204 2930 326 2973 haud
342 2929 437 2973 scio
461 2944 518 2974 an
541 2931 599 2975 ad
616 2933 897 2988 probabilem
911 2933 1109 2989 aliquam
1128 2947 1182 2977 ea
1208 2933 1262 2976 de
1284 2947 1335 2977 re
1359 2932 1656 2980 coniecturam
1676 2949 1775 2992 per-

259 3247 356 3286 tum
385 3239 441 3285 ad
465 3238 746 3301 singulorum
771 3244 991 3290 librorum
1023 3250 1311 3304 argumenta,
1349 3240 1558 3298 consilia,
1588 3248 1631 3288 et
1653 3242 1776 3289 simi-

258 3298 516 3402 Ῑῖῑυῷιξθῖῐι,
554 3309 649 3347 tum
669 3299 724 3349 ad
747 3300 1198 3349 disserendi-formam
1226 3311 1271 3346 et
1294 3303 1512 3347 'rationem
1539 3301 1775 3358 diligenter

199 3386 201 3388 v
259 3368 447 3414 respicia
468 3371 534 3403 ur.

1168 3443 1276 3484 ***
