2040 3646
266 163 369 223 ¹26
921 148 1280 211 PLATONIS

263 297 356 357 και
383 291 560 372 ωςπερ
582 290 862 375 υπέμνησέ
886 317 949 371 με
974 293 1193 375 ῥηθεις,
1248 318 1331 354 οτι
1354 297 1446 354 καὶ
1469 293 1624 354 αὐτῶ
1647 317 1740 372 μοι
1763 301 1938 356 ταῦτα

261 379 656 458 προύδέδοκτο.
698 381 792 438 καὶ
812 379 963 440 πάνυ
989 381 1179 456 δέομαι
1201 379 1394 452 παλιν,
1453 356 1633 456 ὥςπερ
1664 378 1785 450 ἐξ’
1749 386 1937 460 αρχῆς,

263 464 440 524 αλλου
463 461 610 537 τινὸς
635 463 837 571 λογον,
881 488 944 537 ος
968 488 1031 541 με
1055 466 1256 537 πείσει,
1312 462 1386 537 (ὃς
1413 470 1518 523 τοῦ
1553 462 1939 536 ἄποθανόντος

265 548 340 609 οὕ
360 548 817 629 συναποθνήσκει
839 574 876 630 7Ι
901 549 1072 629 ψυχή.
1114 550 1231 628 λέγε
1257 549 1363 608 οὐν
1398 546 1540 623 πρὸς
1564 548 1732 621 Διός,
1789 553 1939 625 πῇο

261 633 568 713 Σωκράτης
600 639 835 714 μετῆλθε
881 632 979 693 τὸν
1023 637 1219 713 λόγον,-
1281 635 1375 692 καὶ
1409 633 1640 709 πότερον
1672 629 1938 704 κακεῖνος,

165 739 217 793 Ε
261 715 438 797 ὥςπεο
471 715 619 794 ὑμᾶς
653 717 798 796 φής,
850 719 1075 798 ἕνδνΙλός
1109 742 1160 778 τι
1196 718 1400 797 ἐγένετο
1436 714 1794 795 a3436uevog''
1768 742 1804 797 η
1842 715 1935 787 οὔ,

259 800 399 861 ἄλλα
421 801 610 880 πράως
637 802 857 882 ἐβοήθει
877 809 954 862 vc}
977 803 1156 886 λόγως
1197 804 1333 861 καὶ
1318 808 1515 875 ικανῶς
1549 797 1938 882 ἔβοήθησεν’”
1895 825 1937 881 7Ι

258 888 485 959 ἐνδεῶς;
552 885 729 947 πάντα
769 885 903 973 ἡμῖν
944 890 1126 947 δίελθε
1168 912 1242 960 ως
1282 887 1518 947 δύνασαι
1564 885 1933 963 ἀκριβέστατα.

262 976 463 1030 ΦΑΙΔ.
510 973 626 1030 Καὶ
659 970 796 1051 μήν,
851 974 894 1031 ώ
928 970 1266 1049 Ἐχέκρατες,
1335 970 1600 1044 πολλάκις
1635 969 1937 1048 θαυμάσας

256 1054 530 1135 Σωκράτη
557 1079 631 1115 ου
655 1055 873 1115 πώποτε
897 1061 1036 1131 μᾶλλ
1040 1080 1104 1116 ον
1128 1055 1385 1136 η’γασθην
1413 1053 1455 1136 7Ι
1489 1055 1605 1115 τότε
1629 1055 1934 1134 παραγενό-

130 1155 214 1213 89
254 1137 562 1218 μενος.τὸ
597 1142 694 1215 μὲν
732 1142 841 1199 οὐν
878 1142 1014 1217 ἔχειν
1050 1139 1143 1199 ὅτι,
1179 1142 1326 1219 λέγοι
1362 1142 1562 1212 ἐκεῖνος
1598 1143 1728 1212 ἴσως
1764 1138 1935 1198 οιῖδεν

255 1223 480 1284 ατοπον·
539 1221 658 1283 ἄλλ’
695 1224 855 1302 ἔγωγε
907 1224 1139 1301 μαλιστα
1176 1224 1468 1302 ἐθαύμασα
1503 1223 1688 1284 αὐτοῦ
1717 1230 1936 1301 πρῶτον

251 1310 365 1387 μὲν,
392 1314 587 1381 τοῦτο,
659 1332 734 1381 ως
769 1308 946 1389 ἡδέως
981 1312 1074 1368 καὶ
1115 1307 1352 1387 εὐμενῶς
1385 1311 1478 1368 καὶ
1513 1307 1791 1388 ἅγαμένως
1826 1313 1937 1367 τῶν

250 1395 548 1454 νεανίσκων
571 1389 670 1452 τὸν
690 1391 857 1473 λόγον
882 1392 1202 1468 ἀπεδέξατο,
1259 1396 1437 1454 ἔπειτα
1470 1392 1624 1475 ἡμῶν
1656 1391 1732 1466 ὥς
1769 1391 1934 1465 ὀξέως

307 1585 380 1614 οτι
407 1565 487 1613 καὶ
515 1561 644 1630 αυτῷ
670 1567 782 1627 μοι]
815 1570 863 1615 V.
896 1569 979 1613 καί
999 1570 1152 1613 aberat
1189 1573 1342 1613 contra
1373 1570 1504 1612 fidem
1538 1568 1832 1625 plurimorum
1858 1581 1932 1611 co-

248 1626 412 1729 diffini?
413 1684 581 1735 ἱκανῶς
606 1680 773 1752 ἕβοήθ.
787 1686 807 1735 ]
840 1684 887 1726 V
910 1677 938 1739 ἢ
959 1682 1036 1726 καὶ
1063 1682 1137 1735 ἱκ.,
1167 1684 1282 1738 quod
1305 1683 1551 1738 Stephanus
1569 1682 1734 1725 mutari
1750 1683 1931 1725 volebat

246 1742 294 1784 in
320 1741 399 1785 καὶ
423 1742 496 1786 εἰ“
484 1742 652 1791 ικανῶς
674 1739 737 1798 ἒβ
764 1748 812 1782 ut
835 1741 1000 1796 legitur
1018 1742 1063 1783 in
1095 1755 1184 1783 uno
1211 1741 1305 1783 cod.
1332 1742 1452 1783 Flor.
1510 1739 1671 1783 Veram
1693 1740 1932 1784 lectionem

245 1801 544 1856 piaebucrunt
567 1798 705 1843 vatic.
725 1797 868 1841 Puris.
893 1799 952 1841 al

299 1915 380 1961 καὶ
417 1911 565 1984 deneg
599 1911 833 1971 νπέμνησέ
865 1917 950 1972 με]
1001 1920 1054 1960 et
1119 1915 1442 1959 sententias
1471 1930 1579 1960 non
1622 1913 1930 1959 moleste

241 1986 322 2018 me
380 1974 550 2029 quasi
607 1974 1054 2016 commonefecit
1116 1975 1292 2016 feras.

241 2043 326 2074 me
363 2031 542 2086 ipsum
596 2044 821 2086 quoque
867 2030 919 2072 in
962 2045 1055 2073 ea·-
1175 2029 1307 2074 P..89
1337 2026 1390 2073 τὸ
1412 2027 1496 2086 μὲν
1518 2021 1602 2073 οὖν
1622 2026 1738 2086 ἔχειν
1761 2029 1818 2085 -]
1839 2029 1939 2072 No«

243 2088 365 2130 dem
392 2087 580 2129 fuisse
610 2086 916 2129 sententia.
945 2088 1053 2129 Per-
1118 2087 1232 2130 tabis
1255 2087 1774 2129 subiectiattractionem.
1811 2087 1927 2130 Nam

240 2159 395 2200 peram
411 2144 529 2186 enim
559 2143 854 2186 Heindorf.
881 2145 934 2186 ad
947 2145 1055 2187 Cra·
1117 2143 1293 2200 propiie
1312 2158 1406 2186 esse
1428 2144 1638 2186 debebat·
1668 2140 1720 2188 τὸ
1746 2141 1800 2199 μὲ
1803 2137 1929 2188 νοῦν

239 2202 321 2258 tyl.
348 2217 389 2256 p.
416 2201 515 2244 384.
539 2202 587 2246 C.
615 2201 728 2243 istud
748 2195 894 2259 ω’ςπερ
918 2201 1055 2243 inter-
1120 2201 1237 2256 ἔχειν
1261 2196 1475 2244 ἐκεῖνον
1461 2195 1487 2244 ὀ
1510 2199 1646 2255 λέγοι.
1700 2201 1928 2244 Sententia

238 2264 438 2326 pretatur
467 2258 883 2314 propemodum.
1119 2265 1268 2301 autem
1308 2259 1420 2300 haec
1458 2263 1543 2300 eszt
1605 2259 1769 2314 Quod
1818 2258 1927 2300 ille

297 2310 489 2373 πῇὸΣ.
513 2313 1052 2371 μετῆλθετὸνλόγον-]
1118 2316 1378 2358 habebnt
1433 2329 1580 2369 quae
1650 2315 1715 2357 ad
1783 2313 1926 2358 illas

238 2360 517 2427 qu6modo
546 2372 590 2414 S.
618 2379 953 2428 persecutus
980 2372 1055 2415 sit
1119 2370 1534 2417 dubitationes
1604 2372 1927 2439 respo-nde-

238 2434 297 2471 et
352 2429 418 2470 ad
473 2429 648 2470 finem
704 2429 1054 2495 perduxerit
1119 2435 1226 2481 ret,
1254 2428 1306 2470 id
1335 2418 1555 2498 quidem
1584 2442 1693 2470 non
1722 2428 1923 2472 mirum

1118 2491 1214 2527 cst.
1271 2485 1385 2528 Nom
1434 2479 1611 2527 ἄτοπον
1659 2483 1793 2526 etium
1834 2485 1922 2528 hoc

238 2485 690 2540 disputationem
749 2486 814 2527 de
871 2485 1053 2528 animi

235 2542 705 2585 immortalitate.

296 2596 483 2654 ἐνδηλός
505 2614 547 2641 τι
570 2596 630 2651 ἐγ.
656 2594 948 2669 ἀχθόμενος]
958 2599 1049 2640 Re·—

236 2659 307 2698 cte
345 2656 517 2697 monuit
559 2655 856 2698 Heindorf.
908 2653 952 2697 τὶ
991 2656 1047 2697 ad

234 2707 496 2782 ἀχθόμενος
517 2711 747 2781 pertinere,
777 2718 826 2755 ut
840 2711 1010 2782 ‘Sophis
993 2717 1045 2756 t.

233 2768 293 2811 in.
318 2764 417 2812 δὲν-
430 2785 475 2812 n
497 2767 562 2825 τῷ
575 2766 709 2823 μήκει
731 2784 932 2812 πονωνα
935 2771 1042 2839 2337.

231 2826 476 2892 Xenoph.
509 2826 674 2894 Cyrop.
704 2827 738 2869 1.
765 2825 807 2878 4,
832 2823 901 2867 25.
932 2819 1043 2882 μὴὸ

228 2879 386 2939 πατήρ
419 2898 465 2925 τι
501 2877 556 2937 ἅχ
559 2884 711 2926 Ηθοιτο
752 2883 1043 2927 Demosth.

229 2938 416 3008 Epistol.
471 2953 513 2993 p.
531 2899 680 2982 χ.1478
725 2938 768 2981 9.
827 2939 872 2983 εἰ
884 2937 1045 3007 αχθε-

227 2993 423 3045 σθέντες
473 3011 520 3037 τι
569 3017 599 3027 -
649 2994 765 3051 μηδὲ
790 2992 927 3063 πρὸς
977 3011 1046 3040 τε

228 3050 540 3121 λευτήσαντας
565 3048 978 3122 ἀπαλλαγήσονται.
1019 3075 1048 3088 -

225 3108 391 3168 πράως
426 3109 622 3176 βοηθεῖν
652 3125 715 3168 τῳ
746 3112 889 3168 λογῳ,
949 3123 1046 3152 ae·-

226 3180 332 3220 quo
360 3166 547 3233 auimo
575 3180 918 3208 succurrere
947 3180 1042 3209 ra·-

227 3222 378 3265 tioni
414 3222 444 3264 i.
483 3236 520 3264 e.
563 3235 685 3265 eam
727 3223 1042 3265 defendere

225 3283 287 3321 et
313 3277 617 3322 vindicare
652 3293 680 3321 a
707 3279 1042 3322 dubitatio-—

226 3333 399 3378 nibus
454 3339 505 3377 et
554 3334 1039 3391 reprehensioni-

1115 2544 1213 2584 loco
1246 2542 1365 2584 idem
1394 2541 1614 2596 significat
1653 2542 1769 2596 quod
1799 2543 1923 2585 θαυ-

1111 2596 1313 2655 μαστόν,
1353 2598 1406 2640 de
1431 2612 1517 2652 quo
1550 2611 1634 2639 usu
1667 2597 1779 2640 alibi
1810 2598 1925 2642 dixi-

1110 2671 1224 2724 mus.

1170 2727 1232 2762 ως
1257 2706 1401 2779 ἡδέως
1429 2707 1507 2753 καὶ
1531 2699 1764 2764 εὐμενῶς]
1810 2710 1856 2755 h.
1878 2727 1919 2759 e.

1111 2765 1184 2814 ὅτι
1245 2783 1391 2817 ουτως
1451 2763 1595 2822 ἡδέως
1651 2767 1731 2811 καὶ
1790 2784 1924 2824 ευμε-

1109 2827 1212 2875 ναῖς.
1248 2825 1334 2869 vid.
1365 2825 1420 2866 ad
1445 2824 1612 2867 Criton.
1649 2823 1787 2880 p..43
1810 2827 1862 2869 Β,
1891 2851 1922 2862 .-

1113 2878 1424 2937 αποδὲχεσθαι
1490 2880 1538 2923 Ιι.
1574 2882 1602 2923 Ι.
1654 2895 1741 2924 non
1781 2883 1920 2927 habet

1112 2956 1139 2996 p
1153 2955 1175 2981 r
1188 2941 1251 2982 ob
1265 2953 1290 2981 a
1304 2954 1332 2981 n
1344 2939 1398 2980 di
1426 2937 1820 2994 significationem,
1869 2945 1919 2984 ut

1111 2998 1298 3053 putabat
1343 2995 1638 3038 Ruhnken.
1689 2994 1744 3037 ad
1796 2996 1917 3040 Tim.

1113 3054 1306 3096 Glossar.
1334 3067 1375 3108 p.
1394 3051 1467 3106 9.
1509 3053 1585 3095 sed
1614 3056 1682 3095 est
1706 3050 1919 3108 simplici-

1111 3115 1179 3154 ter
1206 3109 1407 3152 audire
1424 3141 1436 3161 ‚
1476 3109 1759 3161 aulum-en,
1788 3110 1918 3151 auf-

1109 3182 1137 3209 n
1152 3168 1218 3209 eh
1231 3179 1276 3209 m
1289 3180 1313 3208 e
1325 3179 1368 3208 n.
1424 3164 1612 3209 Audisse
1630 3180 1735 3208 vero
1756 3165 1916 3209 Socra-

1107 3229 1172 3266 tes
1222 3223 1566 3266 adolescentium
1620 3222 1917 3265 dubitationes

1105 3280 1268 3322 dicitur
1315 3293 1402 3322 non
1454 3282 1598 3323 solum
1638 3280 1810 3322 luben
1827 3283 1916 3321 ter

1103 3350 1166 3379 ac
1193 3336 1504 3390 benevole,
1532 3335 1607 3380 sed
1634 3335 1768 3378 etiam
1801 3330 1914 3389 ἄγα·

223 3392 345 3446 bus,
371 3391 455 3437 ita
474 3396 536 3435 ut
561 3392 1037 3436 adversariorum
1100 3391 1271 3449 μένως,
1298 3393 1346 3436 h.
1370 3406 1408 3436 e.
1434 3393 1527 3450 itu,
1567 3398 1617 3437 ut
1635 3406 1791 3437 eorum
1806 3405 1911 3437 acu-
