2040 3646
239 152 379 196 XXIV

245 292 300 335 de
320 292 570 336 animorum
589 293 923 338 immortalitate
942 294 1049 340 item
1069 295 1116 339 in
1134 296 1339 340 Phaedro
1366 301 1410 342 et
1429 298 1596 344 Politia
1617 304 1847 358 tractatur,
1875 307 1928 346 ut

244 378 318 420 vel
330 374 435 420 liinc
454 392 540 421 non
563 378 708 434 inepte
731 378 941 423 coniicias
963 381 1075 424 haec
1099 397 1234 439 opera
1255 383 1406 426 omnia
1429 385 1523 426 l'ere
1543 386 1695 428 eodem
1718 389 1927 443 temporie

241 462 387 518 'spatio
419 477 515 506 esse
545 462 816 520 consignata.
866 465 1007 520 Quod
1038 471 1186 510 autem
1214 468 1410 512 Socratis
1438 468 1665 513 morientis
1698 471 1847 529 imago
1879 473 1927 516 in

196 556 197 560 ’
244 535 325 590 illo
344 547 459 590 libro
476 548 603 603 quasi
625 549 686 592 ob
705 549 856 593 oculos
886 549 1085 609 ponitur,
1127 553 1173 594 id
1207 557 1302 595 tum
1333 554 1586 610 argumenti
1617 556 1731 618 ratio
1755 557 1928 599 videtur

247 631 471 686 effecisse,
518 637 613 676 tum
635 634 770 682 etiam
784 634 930 688 illud,
967 637 1085 692 quod
1104 638 1474 692 Atheniensibus,
1507 639 1584 695 qui
1603 641 1746 694 multo
1766 641 1929 684 rectius

246 716 418 759 interea
445 718 499 760 de
517 718 710 766 Socratis,
732 719 971 767 virtutibus
995 721 1192 766 iudicare
1223 723 1478 766 didicissent
1493 725 1557 780 ²⁶),
1597 726 1825 768 ostendere
1851 741 1931 769 vo-

244 801 388 855 lebat,
446 808 611 858 quanta
626 804 779 850 fuisset
803 806 942 849 animi
957 808 1263 864 magnitudine
1289 815 1334 852 et
1355 809 1518 865 pietate
1540 809 1619 852 ille
1646 809 1740 863 vir,
1797 825 1933 866 quemv

247 886 356 929 olim
374 887 536 932 iniusto
556 889 765 933 iudicine
780 892 926 934 medio
947 893 1238 939 sustulissent.
1297 895 1426 949 Quod
1448 895 1626 949 quidem
1649 896 1790 938 facere
1813 911 1931 938 nunc
1987 953 1990 956 ψ

167 991 169 994 ·
243 976 416 1026 poterat
440 987 492 1016 eo
525 974 702 1030 tutius„
739 990 829 1030 quo
859 977 1050 1021 maiores
1079 978 1268 1021 honores
1293 979 1475 1037 videbat
1498 982 1554 1023 ab
1587 980 1930 1023 Atheniensibus

247 1056 418 1101 Socrati
439 1062 745 1114 postmortem
768 1061 946 1105 habitos
977 1076 1092 1105 esse:
1140 1078 1284 1118 neque
1308 1063 1493 1114 dubium
1528 1069 1618 1117 est,
1664 1065 1769 1120 quin
1794 1066 1944 1118 etiam⁴

246 1157 364 1186 nunc
399 1144 620 1192 scribendi
645 1146 910 1192 consilium*
931 1147 987 1190 ad
1015 1154 1263 1203 temporum
1299 1149 1492 1192 rationes
1521 1150 1932 1194 accommodaverit.

246 1227 336 1271 Sed
360 1229 465 1276 satis
484 1230 537 1272 de
556 1231 814 1276 Phaedone.
868 1233 1106 1276 Difficilius
1134 1233 1271 1276 etiam
1293 1232 1508 1279 iudicium
1539 1239 1605 1277 cst
1637 1236 1691 1279 de
1710 1235 1932 1291 Phaedro,

246 1327 379 1368 quem
406 1315 988 1365 Schleiermacherus
1027 1318 1196 1360 censuit
1226 1333 1254 1366 a
1287 1319 1474 1361 Platone
1509 1319 1744 1365 admodum
1774 1320 1932 1363 iuvene

247 1413 342 1442 esse
362 1400 677 1456 compositum,
698 1407 756 1446 ,ut
777 1402 864 1445 sibi
886 1403 1012 1458 quasi
1040 1403 1159 1450 viam
1190 1403 1535 1459 patefaceretad
1567 1403 1700 1451 totius
1734 1405 1932 1461 philoso-

246 1484 378 1540 phiae
397 1491 543 1540 partes
564 1500 669 1540 eas,
709 1496 822 1543 quae
843 1495 986 1534 essent
1013 1488 1326 1545 gravissimae,
1377 1488 1577 1544 deinceps
1605 1491 1930 1545 pertractandas

245 1575 290 1612 et
318 1572 593 1626 exponendas
607 1572 680 1626 **).
707 1574 807 1621 '³1¹1
841 1588 930 1635 quo
962 1573 1127 1616 iudicio
1159 1573 1249 1619 etsi.
1271 1573 1402 1615 facile
1441 1574 1721 1619 concedimus
1762 1574 1932 1630 aliquid

244 1655 340 1698 veri
358 1656 523 1710 inesse,
552 1661 698 1700 tamen
733 1658 887 1701 exinde
909 1658 1104 1708 nolimus
1128 1659 1385 1705 conclusum
1410 1673 1526 1712 esse,
1566 1659 1685 1719 quod
1706 1660 1775 1703 vir
1801 1674 1932 1716 saga-

246 1741 448 1790 cissimus
483 1728 585 1789 ifide
621 1743 852 1788 conclusit.
935 1746 1087 1800 Quum
1125 1744 1243 1786 enim
1279 1744 1570 1800 philosophus
1604 1748 1649 1787 et
1684 1744 1932 1789 doctrinam

245 1841 372 1870 suam
390 1832 434 1876 et
452 1827 926 1887 disserendirationem
948 1829 1215 1891 pedetentim
1241 1829 1481 1878 excoluerit
1503 1843 1555 1872 ac
1574 1830 1820 1890 perfecerit,
1842 1843 1932 1872 non

246 1918 314 1956 est
333 1912 577 1956 verisimile
596 1928 699 1957 eum
721 1928 835 1970 quae
862 1915 1010 1962 futuro
1036 1919 1231 1970 tempore
1266 1919 1381 1961 esset
1410 1914 1650 1970 scripturus
1682 1919 1725 1957 et
1758 1914 1944 1970 scriptis

246 1998 337 2041 suis
360 1992 687 2054 illustrhturuffi
717 1999 920 2046 iuvenem
945 1999 1072 2060 quasi
1093 1999 1362 2057 praevidisse
1380 1998 1550 2044 animo:
1588 1999 1676 2046 nisi
1707 2000 1820 2042 forte
1844 2008 1934 2057 sta-

245 2086 370 2127 tuere
391 2084 505 2127 velis
546 2085 782 2128 Platonem
817 2099 870 2131 eo
892 2089 1113 2146 tempore,
1145 2098 1232 2144 quo
1257 2083 1454 2131 Socratis
1482 2098 1588 2128 usus
1615 2089 1680 2127 est
1702 2084 1935 2128 familiari-

245 2173 356 2222 tate,
386 2168 503 2219 nihil
527 2170 633 2219 dum
653 2169 795 2213 literis
824 2169 1122 2226 consignasse.
1192 2170 1242 2212 In
1265 2183 1353 2224 qua
1374 2169 1586 2214 sententia
1607 2169 1740 2212 fuisse
1761 2170 1934 2213 videtur

244 2255 455 2308 Aetius,
485 2254 563 2317 qui
590 2269 665 2298 eos
681 2255 820 2303 libros
841 2257 935 2297 fere
960 2269 1111 2298 omnes
1127 2287 1139 2307 ,
1169 2269 1278 2309 quos
1298 2254 1378 2301 illo
1403 2258 1597 2310 tempore
1620 2254 1804 2310 scriptos
1836 2267 1932 2296 esse

244 2340 477 2397 probabile
500 2344 594 2394 est,
640 2345 850 2395 tanquam
878 2340 1076 2383 Platonis
1110 2339 1290 2395 ingenio
1310 2339 1515 2396 indignos
1533 2353 1612 2394 pro
1631 2337 1931 2394 suppositiciis

243 2425 431 2478 habuit,
458 2425 648 2480 ideoque
671 2430 716 2473 et
742 2425 835 2482 ipse
853 2425 1105 2474 Phaedrum
1129 2425 1245 2471 inter
1277 2423 1442 2480 primos
1475 2423 1675 2480 dialogos
1696 2436 1932 2465 numeran-

245 2511 352 2553 dum
364 2510 576 2564 ·.›eensuit‚
613 2511 691 2566 qui
713 2524 742 2554 a
770 2511 958 2554 Platone
984 2508 1214 2565 compositi
1249 2509 1348 2558 sint,
1407 2509 1538 2570 Quod
1565 2513 1714 2551 autem
1741 2507 1933 2551 maxime

106 2596 110 2599 χ
246 2597 478 2642 confirmat
499 2610 600 2643 eam
618 2595 880 2640 sententiam
894 2627 908 2651 ‚
949 2608 1037 2650 qua
1061 2594 1228 2638 librum
1246 2594 1376 2637 illum
1401 2608 1429 2637 a
1450 2594 1637 2636 Platone
1658 2592 1932 2649 provectiore

244 2686 389 2732 aetate
407 2682 621 2739 scriptum
641 2685 847 2739 putamus
863 2713 877 2735 ,
927 2680 1014 2730 hoc
1045 2684 1136 2735 est,
1190 2679 1306 2737 quod
1341 2683 1384 2723 et
1411 2677 1603 2744 plurima
1631 2678 1822 2723 continet
1842 2678 1933 2737 Py·-

299 3039 340 3095 ‘)
375 3031 423 3086 'w
465 3038 702 3097 Diogen.
745 3040 929 3087 Laert.
958 3038 1018 3087 11,
1062 3037 1120 3082 40
1148 3051 1240 3094 sqq,
1280 3035 1433 3100 ibique
1461 3035 1683 3090 Menag.
1712 3032 1930 3099 Aelian.

414 3097 462 3143 V.
485 3098 544 3139 H.
571 3098 606 3140 1.
638 3097 712 3142 16.
742 3097 800 3141 11.
829 3097 900 3140 36.
931 3096 1163 3140 niodor.
1198 3094 1313 3139 ΧΠ.
1344 3093 1416 3137 37.
1461 3091 1752 3136 Plutarch.
1783 3091 1837 3132 de
1863 3104 1932 3131 m-

411 3153 534 3201 vidia
552 3161 597 3197 et
620 3154 720 3201 odio
742 3170 784 3212 p.
806 3152 905 3202 537,
928 3161 1037 3197 extr.

301 3250 359 3303 ’Ἴ
387 3264 430 3297 v.
454 3252 645 3298 Praerat.
669 3252 724 3300 ad
744 3251 931 3299 Phaedr.
954 3266 995 3309 p.
1018 3250 1076 3295 67
1096 3259 1190 3305 sqq.
1215 3248 1316 3294 coll.
1345 3247 1586 3294 Introduct.
1620 3244 1672 3291 ad
1689 3242 1814 3312 ‘Op-p..
1829 3241 1935 3284 Pla-

416 3315 534 3351 tonn.
558 3324 598 3370 p.
621 3309 677 3356 17
699 3324 791 3365 sqq.
850 3308 918 3351 De
946 3313 1209 3364 argumento
1236 3311 1280 3348 et
1303 3304 1488 3348 consilio
1517 3303 1651 3347 huius
1669 3303 1776 3345 hbn
1795 3302 1935 3344 tateor

410 3376 484 3408 me
507 3380 688 3421 prorsus
716 3379 745 3411 a
763 3366 860 3410 viro
893 3364 1147 3409 doctissimo
1165 3362 1409 3411 dissentire.
