2040 3646
307 124 412 198 2⁰4
960 119 1334 182 PLATONIS

309 266 414 367 τῷ,
457 257 605 364 ἡμᾶς
627 255 679 319 δ’
700 254 912 318 ἐκέλευε
940 258 1257 338 περιμένειν.
1303 261 1683 340 περιεμένομεν
1717 256 1826 327 οὖν
1860 266 2001 347 πρὸς

309 345 456 426 ἡμᾶς
483 340 694 422 αὐτοὺς
715 340 1085 448 διαλεγόμενοι
1111 346 1237 423 περὶ
1265 368 1379 407 των
1418 349 1714 428 εἰρημένων
1738 354 1833 410 καὶ
1866 351 2001 413 ἅνα-

241 430 245 433 ’
310 433 680 502 σκοποῦντες,
731 422 852 487 τοτὲ
887 427 938 488 δ’
962 451 1038 490 αυ
1077 431 1202 508 περὶ
1235 435 1336 512 τῆς
1371 429 1664 511 ξυμφορᾶς
1700 434 1999 511 διεξιόντες,

311 509 420 616 οση
437 511 574 595 ἡμῖν
593 518 850 593 γεγονυῖα
873 514 992 595 ειη,
1033 511 1266 592 ατεχνῶς
1300 513 1624 596 ἡγούιιενοι,
1680 539 1854 599 ωςπερ
1891 541 2001 581 πα-

168 676 172 681 ,
310 597 442 678 τρός
495 596 883 679 στερηθέντες,
967 597 1168 670 διάξειν
1211 598 1451 678 ὀρφανοὶ
1505 599 1604 662 τὸν
1643 602 1820 663 επειτα
1859 608 1996 682 βίον.

239 684 289 751 ’Β
312 680 498 763 ἐπειδὴ
519 685 579 743 δὲ
605 681 874 743 ἐλούσατο
895 683 990 742 καὶ
1012 681 1227 769 η’νέχθη
1259 682 1388 764 παρ’
1413 683 1586 746 αυτὸν
1607 685 1674 746 τὰ
1694 691 1886 749 παιδία
1914 724 1998 738 —-

308 766 420 829 δύο
445 765 552 847 γὰρ
579 765 733 850 αὐτῷ
753 767 892 845 υἱεῖς
914 771 1134 847 σμικροὶ
1157 772 1332 851 ἡσαν,
1370 766 1446 844 εἷς
1482 772 1542 830 δε
1575 772 1743 851 μέγας
1777 809 1864 818 —-
1903 778 1999 836 καὶ

309 854 368 930 αὶ
389 854 587 931 οἰκεῖαι
607 858 863 932 γυναῖκες
882 850 1167 931 ἀφίκοντο,
1210 854 1438 928 ἐκείναις
1460 855 1702 917 ἐναντίον
1724 864 1829 919 τοῦ
1852 861 1996 936 Κρί-

305 961 481 1014 τωνος
504 937 810 1016 διαλεχθείς
846 960 902 997 τε
928 939 1022 998 καὶ
1050 937 1424 1013 ἐπιστείλας“
1387 963 1519 1000 αττα
1555 941 1840 1018 ἐβούλετο,
1898 967 1997 1018 τας

304 1025 406 1101 μεν
417 1029 739 1127 γυναῖκας
743 1021 839 1082 καὶ
876 1019 945 1081 τὰ
981 1025 1175 1083 παιδία
1209 1021 1426 1084 ἀπιέναι
1456 1025 1764 1100 ἐκέλευσεν,
1822 1024 1994 1102 αὐτὸς

305 1110 367 1168 δὲ
399 1109 499 1188 ἡκε
540 1105 670 1186 παρ’
705 1103 866 1186 ἡμᾶς.
944 1109 1040 1167 καὶ
1075 1098 1151 1189 ἦν
1188 1106 1300 1189 ἤδη
1339 1106 1499 1189 ἐγγὺς
1541 1107 1712 1216 ἠλίιζυ
1747 1115 1993 1188 δυσμῶν·

303 1191 505 1272 χρόνον
533 1216 639 1272 γαρ
659 1189 845 1253 πολὺν
878 1191 1194 1299 διέτριψεην
1187 1193 1359 1254 ε’·.νδον
1416 1191 1597 1255 ἐλθών
1631 1193 1681 1254 δ’
1705 1196 1994 1272 ἐκαθέζετο

299 1278 659 1382 λελουμένος,
722 1277 816 1337 καὶ
853 1299 928 1337 ου
965 1276 1124 1359 πόλλ’
1157 1301 1290 1338 αττα
1324 1302 1456 1357 μετα
1491 1283 1668 1340 ταῦτα
1718 1282 1992 1387 διελέχθη,

270 1365 397 1435 καὶ
427 1353 559 1442 ἧκεν
593 1360 628 1426 ὁ
663 1384 778 1423 των
811 1362 1003 1423 ενδεκα
1035 1360 1352 1445 ὑπηρέτης
1348 1366 1442 1425 καὶ
1479 1362 1614 1440 στας
1644 1363 1774 1445 παρ’
1800 1365 1990 1441 αυτόν,

1177 1661 1302 1693 ιιιιιιιι
1353 1647 1525 1719 virum,
1581 1652 1772 1721 Tiber.
1822 1652 1991 1722 Hem-

1175 1707 1551 1823 ῗῖαἳέξὲἕιᾞἻ
1581 1711 1742 1822 quisai.
1755 1711 1987 1812 ἵῗῖἷιῗιὲἑ

1175 1822 1251 1865 fat.
1287 1838 1330 1890 p.
1363 1824 1568 1866 XXXIII.
1602 1838 1654 1866 ex
1682 1825 1755 1867 his
1787 1825 1988 1869 Platonis

1173 1879 1323 1922 verbis
1371 1880 1542 1923 clarum
1591 1894 1688 1924 esse
1743 1880 1988 1926 arbitratur

298 1648 455 1695 raclid.
474 1647 546 1695 59.
576 1641 861 1694 ἀνίστασθαί
878 1661 929 1695 σε
939 1646 1024 1709 χρὴ
1047 1649 1114 1701 εἰς

289 1703 462 1766 ’.Αργος
518 1709 645 1751 Haec
679 1708 834 1750 eodem
868 1710 1002 1751 modo
1038 1722 1113 1750 ex»

299 1764 507 1825 plicanda
541 1769 668 1817 sunt,
706 1778 794 1821 quo
819 1765 1111 1836 explicuimus

299 1837 338 1866 c.
373 1824 411 1865 I.
454 1823 591 1865 verba
636 1819 952 1881 ἐπιχωριάζειν
979 1819 1112 1878 Ἀθή-

295 1881 420 1938 ναζε.
467 1880 536 1922 De
551 1893 646 1923 voc.
675 1879 847 1935 οἴκημα
869 1893 979 1933 usu,
1021 1894 1109 1934 quo

295 1932 353 1981 de
371 1936 561 1992 singulis
587 1936 886 1979 aedificiorum
907 1937 1109 2005 partibus

296 1995 411 2038 solet
439 1994 670 2049 usurpari,
709 1993 775 2036 ita
802 1998 852 2037 ut
880 2009 962 2050 pro
983 1994 1112 2038 varia

295 2051 1002 2165 ἰῖἓὲῗῖξῧὲἓιιὲῗὲἔέῗιῗιῖῗξέἒὲῗ
1032 2066 1111 2154 “3¹2

1006 2141 1021 2162 9

295 2166 628 2210 Valckenar.
656 2165 714 2208 ad
735 2165 937 2208 Ammon.
962 2167 1043 2209 111.
1064 2165 1107 2209 4.

295 2222 606 2267 etDorvill.
628 2222 684 2265 ad
702 2223 871 2267 charit.
892 2237 934 2279 p.
958 2222 1057 2267 587.
1079 2247 1108 2257 -

243 2331 247 2334 ,
295 2280 467 2323 Deinde
486 2279 660 2349 plenius
682 2279 771 2322 dici
796 2285 990 2351 poterat:
1027 2295 1108 2324 πεο

293 2335 580 2408 ριεμένομεν
601 2330 687 2381 οὖν
725 2352 830 2381 τοτε
866 2334 950 2408 μεν
990 2333 1109 2392 πρὸς

295 2410 419 2466 ημας
441 2410 613 2445 αυτους
635 2395 678 2439 δ.
699 2415 729 2427 -
744 2409 849 2439 τοτε
867 2392 919 2439 δέ
945 2415 988 2438 ·-.
1020 2395 1107 2439 Sed

293 2468 400 2496 τοτε
419 2450 503 2508 μέν
524 2456 625 2495 ante
651 2449 755 2496 τοτὲ
780 2451 831 2497 δέ
859 2451 1006 2496 omitti
1035 2467 1106 2495 so-

291 2502 380 2562 let,
428 2509 800 2565 quemadmodum
830 2504 857 2553 ὁ
891 2509 978 2565 μέν
1004 2515 1107 2553 ante

293 2563 321 2612 ὁ
355 2541 407 2611 δέ
434 2566 580 2611 omitti
609 2567 754 2610 solere
793 2566 851 2610 ad
892 2581 988 2622 cap.
1014 2567 1103 2612 LV.

290 2623 352 2668 in.
392 2624 660 2668 monuimus.
708 2637 749 2666 v.
799 2624 1103 2668 Hermann.

290 2681 348 2782 gg
365 2681 514 2783 Xigler.
536 2697 579 2738 p.
602 2679 703 2727 768.
732 2683 778 2726 et
802 2680 1103 2725 Heindorf.

345 2848 399 2896 B.
458 2843 594 2906 δῦογ
566 2840 656 2910 γὰρ
678 2844 812 2910 αὐτῷ
835 2848 982 2908 υἱεῖς]
1033 2846 1100 2895 Cf.

289 2909 347 2953 ad
368 2910 495 2965 Apol.
518 2908 691 2964 Soor.p
695 2894 794 2953 ,34
814 2909 870 2950 D.

345 2967 425 3010 καὶ
455 2965 506 3010 αἱ
539 2966 708 3010 οἰκεῖαι
744 2967 958 3020 γυναῖκες
978 2958 1063 3021 ἀφ.
1076 2964 1097 3022 ]

288 3022 380 3078 Qui
405 3022 604 3066 fabulam
636 3023 692 3065 de
715 3023 912 3080 digamia
939 3023 1101 3066 Socra-

287 3079 344 3122 tis
378 3092 456 3136 pro
488 3094 595 3123 vera
615 3079 892 3133 habuerunt,
929 3079 1101 3122 creduli

286 3136 620 3181 mendaciorum
669 3137 870 3192 patroni·
857 3165 871 3189 ‚
926 3136 962 3179 ii
1012 3137 1100 3178 hoc

285 3194 422 3237 etiam
446 3194 545 3236 loco
566 3194 698 3236 abusi
715 3198 818 3238 sunt
837 3190 894 3236 ad
917 3207 1101 3237 causam

285 3263 413 3293 suam
454 3249 895 3296 defendendam.1n
934 3251 1099 3294 horum

285 3317 472 3352 numero
490 3322 588 3353 esse
609 3307 789 3353 mireris
812 3308 950 3353 etiam
978 3320 1101 3352 sum-

1173 1943 1407 1992 utramque
1442 1951 1645 1990 uxorem,
1703 1938 1987 1995 Xanthippen

1175 1999 1221 2036 et
1248 1995 1526 2051 Myrtouem,
1573 1994 1735 2039 marito
1777 1997 1988 2052 supersti-

1174 2055 1265 2094 tem
1289 2052 1466 2095 vixisse.
1507 2051 1574 2095 Ad
1595 2067 1730 2107 quam
1747 2067 1843 2095 rem
1863 2068 1988 2096 com-

1172 2109 1446 2164 probandam
1479 2107 1559 2152 ille
1580 2109 1667 2152 hoc
1688 2110 1827 2153 utitur
1849 2125 1987 2167 argu,

1172 2171 1323 2209 mento
1334 2194 1347 2219 ,
1405 2170 1456 2209 ut
1495 2170 1717 2223 γυναῖκας
1753 2167 1871 2210 dicat
1903 2182 1982 2223 per

1173 2235 1242 2265 ux
1245 2239 1280 2290 ‘o
1291 2239 1314 2265 r
1325 2236 1379 2265 es
1397 2222 1560 2266 debere
1580 2224 1804 2280 explicari.
1834 2225 1983 2280 Quam

1172 2279 1260 2322 viri
1303 2280 1547 2323 doctissimi
1593 2281 1855 2325 senteutiam
1905 2282 1927 2324 1
1938 2297 1980 2325 o.

1172 2336 1209 2379 L
1222 2351 1253 2379 u
1265 2351 1289 2379 z
1301 2350 1328 2381 a
1338 2353 1375 2379 c.
1413 2338 1460 2380 in
1493 2339 1779 2381 Lectionibus
1809 2338 1986 2392 Atticis,

1172 2393 1219 2437 in
1240 2408 1328 2450 quo
1351 2395 1469 2438 libro
1499 2400 1637 2438 totam
1664 2395 1792 2438 illam
1820 2396 1875 2438 de
1898 2396 1982 2438 So-

1173 2457 1291 2494 crate
1307 2452 1506 2495 fabulam
1523 2452 1860 2519 diligentissime
1879 2466 1982 2496 exa·

1170 2507 1357 2552 minavit
1377 2514 1420 2551 et
1451 2509 1717 2552 doctissimis
1698 2522 1980 2577 »arg-mnen-

1170 2565 1227 2608 tis
1277 2565 1542 2618 confutavit,
1598 2579 1640 2622 p
1679 2565 1738 2608 38
1772 2580 1867 2633 sqq.
1914 2566 1980 2610 ita

1168 2614 1424 2679 redarguit,
1479 2627 1531 2666 ut
1574 2622 1735 2666 stultus
1788 2623 1846 2667 sit
1901 2623 1980 2678 qui

1167 2693 1270 2723 eam
1289 2690 1406 2721 nunc
1419 2676 1733 2723 defendendam
1751 2678 1976 2735 suscipiat.

1167 2733 1333 2779 Docuit
1369 2741 1518 2780 autem
1565 2737 1603 2780 L
1616 2751 1646 2779 u
1656 2747 1680 2779 z
1692 2751 1719 2780 a
1730 2749 1755 2779 c
1767 2737 1783 2780 i
1793 2749 1854 2779 us
1910 2736 1978 2782 ol·

1165 2794 1291 2843 κείας
1307 2797 1528 2848 γυναῖκας
1538 2804 1635 2837 esse
1657 2794 1836 2837 omuino
1857 2807 1979 2837 mu-

1165 2850 1344 2893 lieres
1369 2851 1433 2894 de
1461 2851 1618 2894 domo
1647 2857 1701 2894 et
1727 2850 1974 2903 familia,

1163 2907 1406 2952 feminas
1463 2907 1815 2964 propinquas
1881 2909 1976 2951 vel

1164 2965 1534 3009 domesticas.
1588 2965 1702 3009 Nam
1727 2966 1978 3019 Platonem,

1163 3021 1204 3064 si
1251 3035 1282 3064 u
1292 3037 1319 3064 x
1329 3037 1356 3065 o
1367 3035 1390 3064 ι·
1401 3036 1426 3065 e
1435 3037 1455 3065 s
1503 3017 1715 3065 voluisset
1761 3021 1973 3090 intelligi,

1166 3079 1426 3135 simpliciter
1458 3078 1594 3122 fuisse
1632 3078 1854 3121 dicturum
1889 3074 1976 3130 τὰς

1164 3139 1387 3192 γυναῖκας
1398 3166 1412 3189 ,
1461 3147 1551 3178 non
1579 3131 1665 3186 τὰς
1697 3135 1869 3185 οἰκείας
1893 3150 1975 3188 γυ-

1165 3195 1343 3244 ναῖκας.
1407 3192 1572 3236 Iisdem
1604 3193 1697 3235 fere
1723 3191 1973 3236 rationibus

1164 3249 1254 3294 He
1273 3262 1319 3293 m
1339 3253 1443 3294 ste
1463 3260 1487 3292 r
1507 3249 1684 3294 husii
1710 3248 1972 3292 senteutiam

1163 3304 1444 3365 impugnavit
1469 3306 1765 3352 Heindorf.
1794 3305 1851 3350 ad
1869 3305 1918 3350 h.
1937 3305 1973 3350 Ι.
