<?xml version="1.0" encoding="UTF-8"?>
<!DOCTYPE html PUBLIC "-//W3C//DTD XHTML 1.0 Transitional//EN"
    "http://www.w3.org/TR/xhtml1/DTD/xhtml1-transitional.dtd">
<html xmlns="http://www.w3.org/1999/xhtml" xml:lang="en" lang="en">
 <head>
  <title>
</title>
<meta http-equiv="Content-Type" content="text/html;charset=utf-8" />
  <meta name='ocr-system' content='tesseract 3.04.00' />
  <meta name='ocr-capabilities' content='ocr_page ocr_carea ocr_par ocr_line ocrx_word'/>
</head>
<body>
  <div class='ocr_page' id='page_1' title='image "./s1s2s3operaomnia01platuoft_0054.png"; bbox 0 0 2040 3646; ppageno 0'>
   <div class='ocr_carea' id='block_1_1' title="bbox 264 160 347 208">
    <p class='ocr_par' dir='ltr' id='par_1_1' title="bbox 264 160 347 208">
     <span class='ocr_line' id='line_1_1' title="bbox 264 160 347 208; baseline -0.024 0"><span class='ocrx_word' id='word_1_1' title='bbox 264 160 347 208; x_wconf 78' lang='lat' dir='ltr'><strong>m</strong></span> 
     </span>
    </p>
   </div>
   <div class='ocr_carea' id='block_1_2' title="bbox 367 297 1970 853">
    <p class='ocr_par' dir='ltr' id='par_1_2' title="bbox 367 297 1970 853">
     <span class='ocr_line' id='line_1_2' title="bbox 430 297 1957 360; baseline 0.001 -16"><span class='ocrx_word' id='word_1_2' title='bbox 430 300 557 344; x_wconf 80' lang='lat' dir='ltr'><strong>Haec</strong></span> <span class='ocrx_word' id='word_1_3' title='bbox 593 297 691 343; x_wconf 65' lang='lat' dir='ltr'><strong>fere</strong></span> <span class='ocrx_word' id='word_1_4' title='bbox 720 302 824 344; x_wconf 85' lang='lat' dir='ltr'><strong>sunt</strong></span> <span class='ocrx_word' id='word_1_5' title='bbox 858 311 972 355; x_wconf 83' lang='lat' dir='ltr'><strong>quae</strong></span> <span class='ocrx_word' id='word_1_6' title='bbox 1008 299 1398 346; x_wconf 80' lang='lat' dir='ltr'><strong>commemoranda</strong></span> <span class='ocrx_word' id='word_1_7' title='bbox 1433 300 1529 345; x_wconf 83' lang='lat' dir='ltr'><strong>hoc</strong></span> <span class='ocrx_word' id='word_1_8' title='bbox 1563 302 1665 347; x_wconf 81' lang='lat' dir='ltr'><strong>loco</strong></span> <span class='ocrx_word' id='word_1_9' title='bbox 1692 303 1957 360; x_wconf 80' lang='lat' dir='ltr'><strong>putavimus.</strong></span> 
     </span>
     <span class='ocr_line' id='line_1_3' title="bbox 376 369 1956 429; baseline 0.002 -13"><span class='ocrx_word' id='word_1_10' title='bbox 376 371 478 416; x_wconf 75' lang='lat' dir='ltr'><strong>Alia</strong></span> <span class='ocrx_word' id='word_1_11' title='bbox 495 369 617 413; x_wconf 86' lang='lat' dir='ltr'><strong>enim</strong></span> <span class='ocrx_word' id='word_1_12' title='bbox 639 369 821 427; x_wconf 84' lang='lat' dir='ltr'><strong>scripta,</strong></span> <span class='ocrx_word' id='word_1_13' title='bbox 848 384 964 427; x_wconf 87' lang='lat' dir='ltr'><strong>quae</strong></span> <span class='ocrx_word' id='word_1_14' title='bbox 982 371 1139 415; x_wconf 84' lang='lat' dir='ltr'><strong>adhos</strong></span> <span class='ocrx_word' id='word_1_15' title='bbox 1162 372 1364 428; x_wconf 79' lang='lat' dir='ltr'>dialogos</span> <span class='ocrx_word' id='word_1_16' title='bbox 1380 372 1624 429; x_wconf 81' lang='lat' dir='ltr'><strong>pertinent,</strong></span> <span class='ocrx_word' id='word_1_17' title='bbox 1658 375 1733 418; x_wconf 83' lang='lat' dir='ltr'><strong>vel</strong></span> <span class='ocrx_word' id='word_1_18' title='bbox 1760 375 1956 419; x_wconf 87' lang='lat' dir='ltr'><strong>nondum</strong></span> 
     </span>
     <span class='ocr_line' id='line_1_4' title="bbox 373 441 1957 499; baseline 0.002 -13"><span class='ocrx_word' id='word_1_19' title='bbox 373 441 594 495; x_wconf 78' lang='lat' dir='ltr'><strong>vidimus,</strong></span> <span class='ocrx_word' id='word_1_20' title='bbox 621 444 673 485; x_wconf 89' lang='lat' dir='ltr'><strong>ut</strong></span> <span class='ocrx_word' id='word_1_21' title='bbox 696 454 811 497; x_wconf 84' lang='lat' dir='ltr'><strong>quae</strong></span> <span class='ocrx_word' id='word_1_22' title='bbox 829 441 909 484; x_wconf 89' lang='lat' dir='ltr'><strong>Ha</strong></span> <span class='ocrx_word' id='word_1_23' title='bbox 923 448 1035 486; x_wconf 83' lang='lat' dir='ltr'><strong>r-tm</strong></span> <span class='ocrx_word' id='word_1_24' title='bbox 1049 455 1226 486; x_wconf 84' lang='lat' dir='ltr'><strong>annus</strong></span> <span class='ocrx_word' id='word_1_25' title='bbox 1256 443 1311 484; x_wconf 86' lang='lat' dir='ltr'><strong>de</strong></span> <span class='ocrx_word' id='word_1_26' title='bbox 1340 442 1574 499; x_wconf 83' lang='lat' dir='ltr'>Symposio</span> <span class='ocrx_word' id='word_1_27' title='bbox 1602 447 1647 487; x_wconf 86' lang='lat' dir='ltr'><strong>et</strong></span> <span class='ocrx_word' id='word_1_28' title='bbox 1671 445 1877 489; x_wconf 87' lang='lat' dir='ltr'><strong>Iacobi</strong></span> <span class='ocrx_word' id='word_1_29' title='bbox 1900 446 1957 489; x_wconf 83' lang='lat' dir='ltr'><strong>de</strong></span> 
     </span>
     <span class='ocr_line' id='line_1_5' title="bbox 371 511 1954 568; baseline 0.001 -11"><span class='ocrx_word' id='word_1_30' title='bbox 371 513 612 558; x_wconf 78' lang='lat' dir='ltr'><strong>Phaedone</strong></span> <span class='ocrx_word' id='word_1_31' title='bbox 629 511 882 565; x_wconf 84' lang='lat' dir='ltr'><strong>ediderunt,</strong></span> <span class='ocrx_word' id='word_1_32' title='bbox 912 512 985 554; x_wconf 88' lang='lat' dir='ltr'><strong>vel</strong></span> <span class='ocrx_word' id='word_1_33' title='bbox 1012 513 1237 556; x_wconf 85' lang='lat' dir='ltr'><strong>noluimus</strong></span> <span class='ocrx_word' id='word_1_34' title='bbox 1265 527 1493 556; x_wconf 88' lang='lat' dir='ltr'><strong>recensere</strong></span> <span class='ocrx_word' id='word_1_35' title='bbox 1506 545 1520 567; x_wconf 90' lang='lat'>‚</span> <span class='ocrx_word' id='word_1_36' title='bbox 1547 514 1689 558; x_wconf 78' lang='lat' dir='ltr'><strong>veluti</strong></span> <span class='ocrx_word' id='word_1_37' title='bbox 1716 515 1756 559; x_wconf 89' lang='lat' dir='ltr'>N</span> <span class='ocrx_word' id='word_1_38' title='bbox 1769 516 1926 560; x_wconf 86' lang='lat' dir='ltr'><strong>orthi</strong></span> <span class='ocrx_word' id='word_1_39' title='bbox 1939 546 1954 568; x_wconf 88' lang='lat'><strong>,</strong></span> 
     </span>
     <span class='ocr_line' id='line_1_6' title="bbox 373 581 1957 638; baseline 0.001 -11"><span class='ocrx_word' id='word_1_40' title='bbox 373 584 410 627; x_wconf 88' lang='lat'><strong>1.</strong></span> <span class='ocrx_word' id='word_1_41' title='bbox 439 583 580 628; x_wconf 88' lang='lat' dir='ltr'><strong>Sam.</strong></span> <span class='ocrx_word' id='word_1_42' title='bbox 610 581 888 635; x_wconf 67' lang='lat' dir='ltr'><strong>Mulieri,</strong></span> <span class='ocrx_word' id='word_1_43' title='bbox 915 581 952 626; x_wconf 88' lang='lat'><strong>1.</strong></span> <span class='ocrx_word' id='word_1_44' title='bbox 976 583 1037 626; x_wconf 83' lang='lat' dir='ltr'><strong>H.</strong></span> <span class='ocrx_word' id='word_1_45' title='bbox 1066 583 1386 637; x_wconf 87' lang='lat' dir='ltr'><strong>Winkleri,</strong></span> <span class='ocrx_word' id='word_1_46' title='bbox 1422 584 1574 627; x_wconf 69' lang='lat' dir='ltr'><strong>Korn</strong></span> <span class='ocrx_word' id='word_1_47' title='bbox 1589 584 1701 638; x_wconf 85' lang='lat' dir='ltr'><strong>eri,</strong></span> <span class='ocrx_word' id='word_1_48' title='bbox 1729 586 1804 629; x_wconf 86' lang='lat' dir='ltr'><strong>Go</strong></span> <span class='ocrx_word' id='word_1_49' title='bbox 1819 587 1957 629; x_wconf 84' lang='lat' dir='ltr'><strong>ttle-</strong></span> 
     </span>
     <span class='ocr_line' id='line_1_7' title="bbox 367 653 1955 711; baseline 0.001 -13"><span class='ocrx_word' id='word_1_50' title='bbox 367 655 401 698; x_wconf 82' lang='lat' dir='ltr'>b</span> <span class='ocrx_word' id='word_1_51' title='bbox 413 653 496 697; x_wconf 90' lang='lat' dir='ltr'><strong>eri</strong></span> <span class='ocrx_word' id='word_1_52' title='bbox 521 654 663 698; x_wconf 87' lang='lat' dir='ltr'><strong>libros</strong></span> <span class='ocrx_word' id='word_1_53' title='bbox 675 678 690 708; x_wconf 72' lang='lat'><strong>,</strong></span> <span class='ocrx_word' id='word_1_54' title='bbox 718 666 909 711; x_wconf 82' lang='lat' dir='ltr'><strong>quorum</strong></span> <span class='ocrx_word' id='word_1_55' title='bbox 930 654 1106 696; x_wconf 87' lang='lat' dir='ltr'><strong>nullum</strong></span> <span class='ocrx_word' id='word_1_56' title='bbox 1123 655 1217 697; x_wconf 81' lang='lat' dir='ltr'><strong>fere</strong></span> <span class='ocrx_word' id='word_1_57' title='bbox 1235 660 1303 700; x_wconf 90' lang='lat' dir='ltr'><strong>est</strong></span> <span class='ocrx_word' id='word_1_58' title='bbox 1323 654 1515 711; x_wconf 88' lang='lat' dir='ltr'><strong>pretium</strong></span> <span class='ocrx_word' id='word_1_59' title='bbox 1537 656 1752 710; x_wconf 86' lang='lat' dir='ltr'><strong>nullaque</strong></span> <span class='ocrx_word' id='word_1_60' title='bbox 1768 656 1955 708; x_wconf 84' lang='lat' dir='ltr'><strong>utilitas,</strong></span> 
     </span>
     <span class='ocr_line' id='line_1_8' title="bbox 370 724 1970 784; baseline 0.001 -15"><span class='ocrx_word' id='word_1_61' title='bbox 370 726 445 770; x_wconf 82' lang='lat' dir='ltr'><strong>vel</strong></span> <span class='ocrx_word' id='word_1_62' title='bbox 462 739 541 769; x_wconf 90' lang='lat' dir='ltr'><strong>suo</strong></span> <span class='ocrx_word' id='word_1_63' title='bbox 562 725 664 768; x_wconf 84' lang='lat' dir='ltr'><strong>loco</strong></span> <span class='ocrx_word' id='word_1_64' title='bbox 686 724 1036 778; x_wconf 85' lang='lat' dir='ltr'><strong>nominabimus,</strong></span> <span class='ocrx_word' id='word_1_65' title='bbox 1065 724 1105 767; x_wconf 90' lang='lat' dir='ltr'><strong>si</strong></span> <span class='ocrx_word' id='word_1_66' title='bbox 1128 725 1311 782; x_wconf 86' lang='lat' dir='ltr'><strong>quidem</strong></span> <span class='ocrx_word' id='word_1_67' title='bbox 1334 738 1391 772; x_wconf 78' lang='lat' dir='ltr'><strong>ea</strong></span> <span class='ocrx_word' id='word_1_68' title='bbox 1407 726 1585 770; x_wconf 78' lang='lat' dir='ltr'><strong>nonnisi</strong></span> <span class='ocrx_word' id='word_1_69' title='bbox 1601 725 1803 784; x_wconf 74' lang='lat' dir='ltr'><strong>singulos</strong></span> <span class='ocrx_word' id='word_1_70' title='bbox 1823 728 1970 784; x_wconf 46' lang='lat' dir='ltr'><strong>quos?</strong></span> 
     </span>
     <span class='ocr_line' id='line_1_9' title="bbox 369 794 1102 853; baseline -0.005 -9"><span class='ocrx_word' id='word_1_71' title='bbox 369 796 475 843; x_wconf 75' lang='lat' dir='ltr'><strong>(lam</strong></span> <span class='ocrx_word' id='word_1_72' title='bbox 491 794 695 844; x_wconf 76' lang='lat' dir='ltr'><strong>Platonis</strong></span> <span class='ocrx_word' id='word_1_73' title='bbox 713 795 837 840; x_wconf 85' lang='lat' dir='ltr'><strong>locos</strong></span> <span class='ocrx_word' id='word_1_74' title='bbox 862 794 1102 853; x_wconf 82' lang='lat' dir='ltr'><strong>attingunt.</strong></span> 
     </span>
    </p>
   </div>
   <div class='ocr_carea' id='block_1_3' title="bbox 235 1041 1954 2662">
    <p class='ocr_par' dir='ltr' id='par_1_3' title="bbox 366 1041 1954 1242">
     <span class='ocr_line' id='line_1_10' title="bbox 424 1041 1950 1101; baseline 0.001 -13"><span class='ocrx_word' id='word_1_75' title='bbox 424 1042 639 1101; x_wconf 77' lang='lat' dir='ltr'><strong>Superest</strong></span> <span class='ocrx_word' id='word_1_76' title='bbox 649 1071 664 1097; x_wconf 91' lang='lat'><strong>‚</strong></span> <span class='ocrx_word' id='word_1_77' title='bbox 701 1044 753 1086; x_wconf 85' lang='lat' dir='ltr'><strong>ut</strong></span> <span class='ocrx_word' id='word_1_78' title='bbox 790 1053 934 1100; x_wconf 83' lang='lat' dir='ltr'><strong>pauca</strong></span> <span class='ocrx_word' id='word_1_79' title='bbox 969 1042 1024 1085; x_wconf 83' lang='lat' dir='ltr'><strong>de</strong></span> <span class='ocrx_word' id='word_1_80' title='bbox 1062 1041 1290 1092; x_wconf 75' lang='lat' dir='ltr'><strong>codicibus</strong></span> <span class='ocrx_word' id='word_1_81' title='bbox 1326 1041 1641 1100; x_wconf 83' lang='lat' dir='ltr'><strong>manuscriptis</strong></span> <span class='ocrx_word' id='word_1_82' title='bbox 1674 1041 1950 1089; x_wconf 47' lang='lat' dir='ltr'><strong>adiiciamus</strong></span> 
     </span>
     <span class='ocr_line' id='line_1_11' title="bbox 366 1113 1954 1173; baseline -0.001 -14"><span class='ocrx_word' id='word_1_83' title='bbox 366 1116 571 1173; x_wconf 77' lang='lat' dir='ltr'><strong>Quorum</strong></span> <span class='ocrx_word' id='word_1_84' title='bbox 604 1113 792 1171; x_wconf 62' lang='lat' dir='ltr'><strong>‚quidem</strong></span> <span class='ocrx_word' id='word_1_85' title='bbox 821 1114 1000 1170; x_wconf 83' lang='lat' dir='ltr'><strong>plenam</strong></span> <span class='ocrx_word' id='word_1_86' title='bbox 1028 1113 1235 1165; x_wconf 74' lang='lat' dir='ltr'><strong>notitiam</strong></span> <span class='ocrx_word' id='word_1_87' title='bbox 1267 1114 1468 1170; x_wconf 89' lang='lat' dir='ltr'><strong>accipere</strong></span> <span class='ocrx_word' id='word_1_88' title='bbox 1501 1113 1539 1156; x_wconf 91' lang='lat' dir='ltr'><strong>si</strong></span> <span class='ocrx_word' id='word_1_89' title='bbox 1576 1113 1654 1169; x_wconf 82' lang='lat' dir='ltr'><strong>qui</strong></span> <span class='ocrx_word' id='word_1_90' title='bbox 1683 1114 1885 1170; x_wconf 89' lang='lat' dir='ltr'><strong>cupiant,</strong></span> <span class='ocrx_word' id='word_1_91' title='bbox 1916 1115 1954 1158; x_wconf 84' lang='lat' dir='ltr'><strong>ii</strong></span> 
     </span>
     <span class='ocr_line' id='line_1_12' title="bbox 368 1183 1952 1242; baseline -0.002 -11"><span class='ocrx_word' id='word_1_92' title='bbox 368 1188 529 1232; x_wconf 77' lang='lat' dir='ltr'><strong>adeant</strong></span> <span class='ocrx_word' id='word_1_93' title='bbox 567 1186 662 1230; x_wconf 89' lang='lat' dir='ltr'><strong>Im.</strong></span> <span class='ocrx_word' id='word_1_94' title='bbox 698 1183 846 1228; x_wconf 84' lang='lat' dir='ltr'><strong>Bekk</strong></span> <span class='ocrx_word' id='word_1_95' title='bbox 860 1198 885 1227; x_wconf 89' lang='lat' dir='ltr'><strong>e</strong></span> <span class='ocrx_word' id='word_1_96' title='bbox 897 1198 1019 1226; x_wconf 88' lang='lat' dir='ltr'><strong>rum</strong></span> <span class='ocrx_word' id='word_1_97' title='bbox 1044 1183 1094 1226; x_wconf 90' lang='lat' dir='ltr'><strong>in</strong></span> <span class='ocrx_word' id='word_1_98' title='bbox 1120 1185 1301 1240; x_wconf 84' lang='lat' dir='ltr'><strong>praefat.</strong></span> <span class='ocrx_word' id='word_1_99' title='bbox 1331 1185 1477 1242; x_wconf 84' lang='lat' dir='ltr'><strong>primo</strong></span> <span class='ocrx_word' id='word_1_100' title='bbox 1509 1184 1710 1229; x_wconf 81' lang='lat' dir='ltr'><strong>Platonis</strong></span> <span class='ocrx_word' id='word_1_101' title='bbox 1731 1184 1952 1228; x_wconf 84' lang='lat' dir='ltr'><strong>volumini</strong></span> 
     </span>
    </p>

    <p class='ocr_par' dir='ltr' id='par_1_4' title="bbox 289 1254 1949 1595">
     <span class='ocr_line' id='line_1_13' title="bbox 289 1254 1949 1318; baseline -0.001 -17"><span class='ocrx_word' id='word_1_102' title='bbox 289 1315 292 1318; x_wconf 9' lang='grc' dir='ltr'><strong><em>ἦ</em></strong></span> <span class='ocrx_word' id='word_1_103' title='bbox 365 1256 611 1315; x_wconf 87' lang='lat' dir='ltr'><strong>praemissa</strong></span> <span class='ocrx_word' id='word_1_104' title='bbox 624 1288 639 1310; x_wconf 92' lang='lat'><strong>,</strong></span> <span class='ocrx_word' id='word_1_105' title='bbox 667 1259 712 1299; x_wconf 84' lang='lat' dir='ltr'><strong>et</strong></span> <span class='ocrx_word' id='word_1_106' title='bbox 735 1269 848 1312; x_wconf 87' lang='lat' dir='ltr'><strong>quae</strong></span> <span class='ocrx_word' id='word_1_107' title='bbox 870 1268 955 1311; x_wconf 81' lang='lat' dir='ltr'><strong>ego</strong></span> <span class='ocrx_word' id='word_1_108' title='bbox 979 1254 1161 1311; x_wconf 78' lang='lat' dir='ltr'><strong>exposui</strong></span> <span class='ocrx_word' id='word_1_109' title='bbox 1184 1255 1344 1298; x_wconf 85' lang='lat' dir='ltr'><strong>ultimo</strong></span> <span class='ocrx_word' id='word_1_110' title='bbox 1361 1255 1588 1299; x_wconf 85' lang='lat' dir='ltr'><strong>volumine</strong></span> <span class='ocrx_word' id='word_1_111' title='bbox 1611 1256 1949 1299; x_wconf 86' lang='lat' dir='ltr'><strong>commentario-</strong></span> 
     </span>
     <span class='ocr_line' id='line_1_14' title="bbox 365 1325 1947 1382; baseline -0.002 -10"><span class='ocrx_word' id='word_1_112' title='bbox 365 1343 468 1372; x_wconf 86' lang='lat' dir='ltr'><strong>rum</strong></span> <span class='ocrx_word' id='word_1_113' title='bbox 488 1327 760 1371; x_wconf 83' lang='lat' dir='ltr'><strong>criticorum.</strong></span> <span class='ocrx_word' id='word_1_114' title='bbox 789 1327 882 1370; x_wconf 88' lang='lat' dir='ltr'><strong>Lon</strong></span> <span class='ocrx_word' id='word_1_115' title='bbox 888 1340 996 1382; x_wconf 82' lang='lat' dir='ltr'><strong>gum</strong></span> <span class='ocrx_word' id='word_1_116' title='bbox 1016 1329 1081 1368; x_wconf 86' lang='lat' dir='ltr'><strong>est</strong></span> <span class='ocrx_word' id='word_1_117' title='bbox 1099 1325 1218 1367; x_wconf 89' lang='lat' dir='ltr'><strong>enim</strong></span> <span class='ocrx_word' id='word_1_118' title='bbox 1233 1331 1277 1370; x_wconf 90' lang='lat' dir='ltr'><strong>et</strong></span> <span class='ocrx_word' id='word_1_119' title='bbox 1294 1341 1322 1369; x_wconf 87' lang='lat' dir='ltr'><strong>a</strong></span> <span class='ocrx_word' id='word_1_120' title='bbox 1345 1331 1496 1370; x_wconf 87' lang='lat' dir='ltr'><strong>nostro</strong></span> <span class='ocrx_word' id='word_1_121' title='bbox 1516 1325 1718 1369; x_wconf 82' lang='lat' dir='ltr'><strong>instituto</strong></span> <span class='ocrx_word' id='word_1_122' title='bbox 1751 1326 1947 1370; x_wconf 85' lang='lat' dir='ltr'><strong>alienum</strong></span> 
     </span>
     <span class='ocr_line' id='line_1_15' title="bbox 365 1397 1949 1454; baseline -0.002 -11"><span class='ocrx_word' id='word_1_123' title='bbox 365 1398 515 1443; x_wconf 88' lang='lat' dir='ltr'><strong>omnia</strong></span> <span class='ocrx_word' id='word_1_124' title='bbox 524 1431 538 1452; x_wconf 94' lang='lat'><strong>,</strong></span> <span class='ocrx_word' id='word_1_125' title='bbox 568 1412 681 1454; x_wconf 89' lang='lat' dir='ltr'><strong>quae</strong></span> <span class='ocrx_word' id='word_1_126' title='bbox 704 1398 795 1440; x_wconf 86' lang='lat' dir='ltr'><strong>huc</strong></span> <span class='ocrx_word' id='word_1_127' title='bbox 816 1397 1068 1454; x_wconf 86' lang='lat' dir='ltr'><strong>pertineant</strong></span> <span class='ocrx_word' id='word_1_128' title='bbox 1078 1429 1091 1452; x_wconf 94' lang='lat'><strong>,</strong></span> <span class='ocrx_word' id='word_1_129' title='bbox 1118 1410 1377 1453; x_wconf 90' lang='lat' dir='ltr'><strong>percurrere</strong></span> <span class='ocrx_word' id='word_1_130' title='bbox 1411 1411 1465 1440; x_wconf 88' lang='lat' dir='ltr'><strong>ac</strong></span> <span class='ocrx_word' id='word_1_131' title='bbox 1490 1404 1735 1439; x_wconf 82' lang='lat' dir='ltr'><strong>recensere.</strong></span> <span class='ocrx_word' id='word_1_132' title='bbox 1791 1397 1949 1453; x_wconf 83' lang='lat' dir='ltr'><strong>Itaque</strong></span> 
     </span>
     <span class='ocr_line' id='line_1_16' title="bbox 363 1467 1949 1526; baseline -0.002 -11"><span class='ocrx_word' id='word_1_133' title='bbox 363 1469 555 1515; x_wconf 82' lang='lat' dir='ltr'><strong>sufficiat</strong></span> <span class='ocrx_word' id='word_1_134' title='bbox 575 1468 828 1512; x_wconf 79' lang='lat' dir='ltr'><strong>nominasse</strong></span> <span class='ocrx_word' id='word_1_135' title='bbox 856 1482 931 1510; x_wconf 89' lang='lat' dir='ltr'><strong>eos</strong></span> <span class='ocrx_word' id='word_1_136' title='bbox 957 1467 1129 1510; x_wconf 85' lang='lat' dir='ltr'><strong>codices</strong></span> <span class='ocrx_word' id='word_1_137' title='bbox 1154 1467 1478 1523; x_wconf 85' lang='lat' dir='ltr'><strong>manuscriptos</strong></span> <span class='ocrx_word' id='word_1_138' title='bbox 1490 1498 1504 1520; x_wconf 88' lang='lat'>‚</span> <span class='ocrx_word' id='word_1_139' title='bbox 1544 1481 1655 1522; x_wconf 83' lang='lat' dir='ltr'><strong>quos</strong></span> <span class='ocrx_word' id='word_1_140' title='bbox 1680 1468 1728 1511; x_wconf 85' lang='lat' dir='ltr'><strong>in</strong></span> <span class='ocrx_word' id='word_1_141' title='bbox 1756 1468 1949 1526; x_wconf 79' lang='lat' dir='ltr'><strong>singuHs</strong></span> 
     </span>
     <span class='ocr_line' id='line_1_17' title="bbox 359 1538 1896 1595; baseline -0.002 -10"><span class='ocrx_word' id='word_1_142' title='bbox 359 1541 494 1585; x_wconf 83' lang='lat' dir='ltr'><strong>libris</strong></span> <span class='ocrx_word' id='word_1_143' title='bbox 514 1539 793 1585; x_wconf 79' lang='lat' dir='ltr'><strong>recensendis</strong></span> <span class='ocrx_word' id='word_1_144' title='bbox 813 1554 842 1595; x_wconf 89' lang='lat' dir='ltr'><strong>p</strong></span> <span class='ocrx_word' id='word_1_145' title='bbox 851 1553 874 1580; x_wconf 91' lang='lat' dir='ltr'><strong>r</strong></span> <span class='ocrx_word' id='word_1_146' title='bbox 888 1553 916 1582; x_wconf 87' lang='lat' dir='ltr'><strong>a</strong></span> <span class='ocrx_word' id='word_1_147' title='bbox 926 1552 951 1581; x_wconf 88' lang='lat' dir='ltr'><strong>e</strong></span> <span class='ocrx_word' id='word_1_148' title='bbox 964 1538 1051 1594; x_wconf 90' lang='lat' dir='ltr'><strong>cip</strong></span> <span class='ocrx_word' id='word_1_149' title='bbox 1063 1552 1095 1580; x_wconf 94' lang='lat' dir='ltr'><strong>u</strong></span> <span class='ocrx_word' id='word_1_150' title='bbox 1107 1552 1132 1580; x_wconf 90' lang='lat' dir='ltr'><strong>e</strong></span> <span class='ocrx_word' id='word_1_151' title='bbox 1153 1538 1449 1594; x_wconf 86' lang='lat' dir='ltr'><strong>respiciendos</strong></span> <span class='ocrx_word' id='word_1_152' title='bbox 1471 1552 1567 1580; x_wconf 86' lang='lat' dir='ltr'><strong>esse</strong></span> <span class='ocrx_word' id='word_1_153' title='bbox 1587 1538 1896 1582; x_wconf 85' lang='lat' dir='ltr'><strong>iudicavimus.</strong></span> 
     </span>
    </p>

    <p class='ocr_par' dir='ltr' id='par_1_5' title="bbox 248 1607 1946 1868">
     <span class='ocr_line' id='line_1_18' title="bbox 248 1607 1946 1670; baseline -0.002 -14"><span class='ocrx_word' id='word_1_154' title='bbox 248 1614 302 1660; x_wconf 85' lang='lat' dir='ltr'><strong>In</strong></span> <span class='ocrx_word' id='word_1_155' title='bbox 323 1612 361 1661; x_wconf 80' lang='lat' dir='ltr'>A</span> <span class='ocrx_word' id='word_1_156' title='bbox 371 1629 399 1670; x_wconf 93' lang='lat' dir='ltr'><strong>p</strong></span> <span class='ocrx_word' id='word_1_157' title='bbox 414 1626 441 1656; x_wconf 93' lang='lat' dir='ltr'><strong>o</strong></span> <span class='ocrx_word' id='word_1_158' title='bbox 452 1612 471 1655; x_wconf 97' lang='lat' dir='ltr'>l</span> <span class='ocrx_word' id='word_1_159' title='bbox 482 1625 508 1655; x_wconf 92' lang='lat' dir='ltr'><strong>o</strong></span> <span class='ocrx_word' id='word_1_160' title='bbox 521 1626 553 1669; x_wconf 90' lang='lat' dir='ltr'>g</span> <span class='ocrx_word' id='word_1_161' title='bbox 565 1610 583 1654; x_wconf 88' lang='lat' dir='ltr'><strong>i</strong></span> <span class='ocrx_word' id='word_1_162' title='bbox 597 1624 625 1655; x_wconf 87' lang='lat' dir='ltr'><strong>a</strong></span> <span class='ocrx_word' id='word_1_163' title='bbox 652 1610 685 1654; x_wconf 90' lang='lat' dir='ltr'>S</span> <span class='ocrx_word' id='word_1_164' title='bbox 696 1625 722 1654; x_wconf 92' lang='lat' dir='ltr'><strong>o</strong></span> <span class='ocrx_word' id='word_1_165' title='bbox 733 1626 757 1654; x_wconf 93' lang='lat' dir='ltr'><strong>c</strong></span> <span class='ocrx_word' id='word_1_166' title='bbox 768 1624 826 1654; x_wconf 87' lang='lat' dir='ltr'><strong>ra</strong></span> <span class='ocrx_word' id='word_1_167' title='bbox 837 1615 854 1653; x_wconf 87' lang='lat' dir='ltr'><strong>t</strong></span> <span class='ocrx_word' id='word_1_168' title='bbox 865 1607 881 1651; x_wconf 91' lang='lat' dir='ltr'><strong>i</strong></span> <span class='ocrx_word' id='word_1_169' title='bbox 892 1625 911 1652; x_wconf 91' lang='lat' dir='ltr'><strong>s</strong></span> <span class='ocrx_word' id='word_1_170' title='bbox 934 1608 1077 1666; x_wconf 85' lang='lat' dir='ltr'><strong>igitur</strong></span> <span class='ocrx_word' id='word_1_171' title='bbox 1091 1607 1336 1665; x_wconf 86' lang='lat' dir='ltr'><strong>principem</strong></span> <span class='ocrx_word' id='word_1_172' title='bbox 1349 1610 1498 1651; x_wconf 91' lang='lat' dir='ltr'><strong>locum</strong></span> <span class='ocrx_word' id='word_1_173' title='bbox 1518 1608 1720 1652; x_wconf 87' lang='lat' dir='ltr'><strong>obtinere</strong></span> <span class='ocrx_word' id='word_1_174' title='bbox 1739 1609 1825 1652; x_wconf 86' lang='lat' dir='ltr'><strong>visi</strong></span> <span class='ocrx_word' id='word_1_175' title='bbox 1844 1612 1946 1654; x_wconf 82' lang='lat' dir='ltr'><strong>suut</strong></span> 
     </span>
     <span class='ocr_line' id='line_1_19' title="bbox 359 1679 1943 1735; baseline -0.001 -10"><span class='ocrx_word' id='word_1_176' title='bbox 359 1681 719 1731; x_wconf 85' lang='lat' dir='ltr'><strong>Bodleianus</strong></span> <span class='ocrx_word' id='word_1_177' title='bbox 749 1696 785 1724; x_wconf 86' lang='lat' dir='ltr'><strong>s.</strong></span> <span class='ocrx_word' id='word_1_178' title='bbox 829 1680 1205 1735; x_wconf 85' lang='lat' dir='ltr'><strong>Clarkianus,</strong></span> <span class='ocrx_word' id='word_1_179' title='bbox 1250 1679 1586 1733; x_wconf 84' lang='lat' dir='ltr'><strong>Vaticanus,</strong></span> <span class='ocrx_word' id='word_1_180' title='bbox 1621 1681 1838 1723; x_wconf 84' lang='lat' dir='ltr'><strong>Venetu</strong></span> <span class='ocrx_word' id='word_1_181' title='bbox 1852 1695 1872 1723; x_wconf 92' lang='lat' dir='ltr'><strong>s</strong></span> <span class='ocrx_word' id='word_1_182' title='bbox 1900 1695 1943 1724; x_wconf 88' lang='lat' dir='ltr'><strong>a.</strong></span> 
     </span>
     <span class='ocr_line' id='line_1_20' title="bbox 357 1750 1946 1807; baseline -0.001 -10"><span class='ocrx_word' id='word_1_183' title='bbox 357 1755 406 1798; x_wconf 84' lang='lat' dir='ltr'><strong>b.</strong></span> <span class='ocrx_word' id='word_1_184' title='bbox 435 1753 542 1796; x_wconf 84' lang='lat' dir='ltr'><strong>Vin</strong></span> <span class='ocrx_word' id='word_1_185' title='bbox 555 1753 581 1794; x_wconf 91' lang='lat' dir='ltr'><strong>d</strong></span> <span class='ocrx_word' id='word_1_186' title='bbox 593 1753 673 1800; x_wconf 88' lang='lat' dir='ltr'><strong>ob.</strong></span> <span class='ocrx_word' id='word_1_187' title='bbox 691 1751 733 1794; x_wconf 87' lang='lat'><strong>1.</strong></span> <span class='ocrx_word' id='word_1_188' title='bbox 751 1750 794 1794; x_wconf 85' lang='lat'><strong>2.</strong></span> <span class='ocrx_word' id='word_1_189' title='bbox 851 1751 956 1795; x_wconf 86' lang='lat' dir='ltr'><strong>Flo</strong></span> <span class='ocrx_word' id='word_1_190' title='bbox 967 1766 1006 1799; x_wconf 82' lang='lat' dir='ltr'><strong>r.</strong></span> <span class='ocrx_word' id='word_1_191' title='bbox 1023 1750 1069 1795; x_wconf 69' lang='lat' dir='ltr'><strong>h‘.</strong></span> <span class='ocrx_word' id='word_1_192' title='bbox 1091 1764 1343 1807; x_wconf 86' lang='lat' dir='ltr'><strong>quanquam</strong></span> <span class='ocrx_word' id='word_1_193' title='bbox 1365 1751 1502 1794; x_wconf 83' lang='lat' dir='ltr'><strong>etiam</strong></span> <span class='ocrx_word' id='word_1_194' title='bbox 1520 1750 1658 1794; x_wconf 87' lang='lat' dir='ltr'><strong>ceteri</strong></span> <span class='ocrx_word' id='word_1_195' title='bbox 1677 1751 1771 1794; x_wconf 78' lang='lat' dir='ltr'><strong>fere</strong></span> <span class='ocrx_word' id='word_1_196' title='bbox 1791 1765 1946 1795; x_wconf 85' lang='lat' dir='ltr'><strong>omnes</strong></span> 
     </span>
     <span class='ocr_line' id='line_1_21' title="bbox 358 1824 773 1868; baseline 0 0"><span class='ocrx_word' id='word_1_197' title='bbox 358 1838 440 1868; x_wconf 85' lang='lat' dir='ltr'><strong>sua</strong></span> <span class='ocrx_word' id='word_1_198' title='bbox 456 1826 577 1868; x_wconf 84' lang='lat' dir='ltr'><strong>bona</strong></span> <span class='ocrx_word' id='word_1_199' title='bbox 590 1824 773 1868; x_wconf 82' lang='lat' dir='ltr'><strong>habent.</strong></span> 
     </span>
    </p>

    <p class='ocr_par' dir='ltr' id='par_1_6' title="bbox 245 1889 1942 2093">
     <span class='ocr_line' id='line_1_22' title="bbox 245 1889 1942 1951; baseline -0.002 -10"><span class='ocrx_word' id='word_1_200' title='bbox 245 1897 297 1941; x_wconf 81' lang='lat' dir='ltr'><strong>In</strong></span> <span class='ocrx_word' id='word_1_201' title='bbox 320 1897 362 1940; x_wconf 64' lang='lat' dir='ltr'><strong>&gt;C</strong></span> <span class='ocrx_word' id='word_1_202' title='bbox 375 1895 561 1939; x_wconf 87' lang='lat' dir='ltr'><strong>ritone</strong></span> <span class='ocrx_word' id='word_1_203' title='bbox 588 1894 755 1951; x_wconf 87' lang='lat' dir='ltr'><strong>primas</strong></span> <span class='ocrx_word' id='word_1_204' title='bbox 779 1889 1018 1936; x_wconf 84' lang='lat' dir='ltr'><strong>tribuimus</strong></span> <span class='ocrx_word' id='word_1_205' title='bbox 1045 1891 1085 1935; x_wconf 94' lang='lat' dir='ltr'><strong>B</strong></span> <span class='ocrx_word' id='word_1_206' title='bbox 1099 1891 1258 1935; x_wconf 88' lang='lat' dir='ltr'><strong>odlei</strong></span> <span class='ocrx_word' id='word_1_207' title='bbox 1271 1906 1372 1937; x_wconf 88' lang='lat' dir='ltr'><strong>ano</strong></span> <span class='ocrx_word' id='word_1_208' title='bbox 1408 1907 1443 1937; x_wconf 88' lang='lat' dir='ltr'><strong>s.</strong></span> <span class='ocrx_word' id='word_1_209' title='bbox 1475 1893 1537 1935; x_wconf 89' lang='lat' dir='ltr'><strong>Cl</strong></span> <span class='ocrx_word' id='word_1_210' title='bbox 1550 1891 1752 1936; x_wconf 84' lang='lat' dir='ltr'><strong>arkian</strong></span> <span class='ocrx_word' id='word_1_211' title='bbox 1765 1905 1814 1946; x_wconf 91' lang='lat' dir='ltr'><strong>o,</strong></span> <span class='ocrx_word' id='word_1_212' title='bbox 1845 1893 1942 1938; x_wconf 88' lang='lat' dir='ltr'><strong>Va-</strong></span> 
     </span>
     <span class='ocr_line' id='line_1_23' title="bbox 355 1962 1942 2018; baseline -0.002 -7"><span class='ocrx_word' id='word_1_213' title='bbox 355 1966 577 2018; x_wconf 88' lang='lat' dir='ltr'><strong>ticano,</strong></span> <span class='ocrx_word' id='word_1_214' title='bbox 621 1965 840 2009; x_wconf 86' lang='lat' dir='ltr'><strong>Veneto</strong></span> <span class='ocrx_word' id='word_1_215' title='bbox 883 1977 922 2006; x_wconf 90' lang='lat' dir='ltr'><strong>a.</strong></span> <span class='ocrx_word' id='word_1_216' title='bbox 952 1965 998 2007; x_wconf 87' lang='lat' dir='ltr'><strong>b.</strong></span> <span class='ocrx_word' id='word_1_217' title='bbox 1050 1963 1487 2007; x_wconf 80' lang='lat' dir='ltr'><strong>vindobonensi</strong></span> <span class='ocrx_word' id='word_1_218' title='bbox 1519 1964 1561 2008; x_wconf 93' lang='grc'><strong>1.</strong></span> <span class='ocrx_word' id='word_1_219' title='bbox 1599 1962 1643 2008; x_wconf 82' lang='grc'><strong>2.</strong></span> <span class='ocrx_word' id='word_1_220' title='bbox 1701 1964 1942 2008; x_wconf 88' lang='lat' dir='ltr'><strong>Floren-</strong></span> 
     </span>
     <span class='ocr_line' id='line_1_24' title="bbox 357 2033 1155 2093; baseline -0.004 -12"><span class='ocrx_word' id='word_1_221' title='bbox 357 2037 484 2082; x_wconf 88' lang='lat' dir='ltr'><strong>tino</strong></span> <span class='ocrx_word' id='word_1_222' title='bbox 511 2037 559 2080; x_wconf 90' lang='lat' dir='ltr'><strong>h.</strong></span> <span class='ocrx_word' id='word_1_223' title='bbox 597 2041 731 2093; x_wconf 86' lang='lat' dir='ltr'><strong>atque</strong></span> <span class='ocrx_word' id='word_1_224' title='bbox 771 2033 1155 2092; x_wconf 82' lang='lat' dir='ltr'><strong>Tubingensi.</strong></span> 
     </span>
    </p>

    <p class='ocr_par' dir='ltr' id='par_1_7' title="bbox 242 2103 1938 2308">
     <span class='ocr_line' id='line_1_25' title="bbox 242 2103 1937 2165; baseline -0.002 -10"><span class='ocrx_word' id='word_1_225' title='bbox 242 2111 295 2157; x_wconf 85' lang='lat' dir='ltr'><strong>In</strong></span> <span class='ocrx_word' id='word_1_226' title='bbox 335 2108 523 2155; x_wconf 81' lang='lat' dir='ltr'><strong>Phaed</strong></span> <span class='ocrx_word' id='word_1_227' title='bbox 540 2121 640 2152; x_wconf 87' lang='lat' dir='ltr'><strong>one</strong></span> <span class='ocrx_word' id='word_1_228' title='bbox 673 2107 840 2165; x_wconf 87' lang='lat' dir='ltr'><strong>primas</strong></span> <span class='ocrx_word' id='word_1_229' title='bbox 881 2109 1032 2149; x_wconf 88' lang='lat' dir='ltr'><strong>tenent</strong></span> <span class='ocrx_word' id='word_1_230' title='bbox 1064 2103 1246 2150; x_wconf 87' lang='lat' dir='ltr'><strong>Bodle</strong></span> <span class='ocrx_word' id='word_1_231' title='bbox 1260 2103 1279 2148; x_wconf 90' lang='lat' dir='ltr'><strong>i</strong></span> <span class='ocrx_word' id='word_1_232' title='bbox 1293 2118 1434 2149; x_wconf 84' lang='lat' dir='ltr'><strong>anus</strong></span> <span class='ocrx_word' id='word_1_233' title='bbox 1472 2117 1509 2149; x_wconf 87' lang='lat' dir='ltr'><strong>s.</strong></span> <span class='ocrx_word' id='word_1_234' title='bbox 1553 2104 1937 2161; x_wconf 83' lang='lat' dir='ltr'><strong>Clarkiauus,</strong></span> 
     </span>
     <span class='ocr_line' id='line_1_26' title="bbox 352 2175 1938 2236; baseline -0.001 -13"><span class='ocrx_word' id='word_1_235' title='bbox 352 2179 702 2233; x_wconf 83' lang='lat' dir='ltr'><strong>Vaticanus,</strong></span> <span class='ocrx_word' id='word_1_236' title='bbox 731 2180 971 2222; x_wconf 86' lang='lat' dir='ltr'><strong>Venetus</strong></span> <span class='ocrx_word' id='word_1_237' title='bbox 999 2188 1040 2220; x_wconf 86' lang='lat' dir='ltr'><strong>a.</strong></span> <span class='ocrx_word' id='word_1_238' title='bbox 1061 2175 1108 2221; x_wconf 82' lang='lat' dir='ltr'><strong>b.</strong></span> <span class='ocrx_word' id='word_1_239' title='bbox 1131 2176 1273 2220; x_wconf 89' lang='lat' dir='ltr'><strong>Vind</strong></span> <span class='ocrx_word' id='word_1_240' title='bbox 1287 2177 1414 2222; x_wconf 75' lang='lat' dir='ltr'><strong>obl».</strong></span> <span class='ocrx_word' id='word_1_241' title='bbox 1433 2175 1477 2223; x_wconf 91' lang='grc'><strong>1.</strong></span> <span class='ocrx_word' id='word_1_242' title='bbox 1500 2175 1545 2221; x_wconf 80' lang='lat'><strong>2.</strong></span> <span class='ocrx_word' id='word_1_243' title='bbox 1603 2176 1938 2236; x_wconf 83' lang='lat' dir='ltr'><strong>Tubingen-</strong></span> 
     </span>
     <span class='ocr_line' id='line_1_27' title="bbox 353 2250 882 2308; baseline -0.006 -13"><span class='ocrx_word' id='word_1_244' title='bbox 353 2267 377 2296; x_wconf 89' lang='lat' dir='ltr'><strong>s</strong></span> <span class='ocrx_word' id='word_1_245' title='bbox 391 2250 464 2304; x_wconf 90' lang='lat' dir='ltr'><strong>is,</strong></span> <span class='ocrx_word' id='word_1_246' title='bbox 491 2250 572 2294; x_wconf 84' lang='lat' dir='ltr'><strong>Au</strong></span> <span class='ocrx_word' id='word_1_247' title='bbox 585 2253 882 2308; x_wconf 82' lang='lat' dir='ltr'><strong>gustanus.</strong></span> 
     </span>
    </p>

    <p class='ocr_par' dir='ltr' id='par_1_8' title="bbox 235 2316 1935 2508">
     <span class='ocr_line' id='line_1_28' title="bbox 235 2316 1932 2380; baseline -0.003 -11"><span class='ocrx_word' id='word_1_248' title='bbox 235 2323 290 2369; x_wconf 78' lang='lat' dir='ltr'><strong>ln</strong></span> <span class='ocrx_word' id='word_1_249' title='bbox 335 2322 512 2380; x_wconf 78' lang='lat' dir='ltr'><strong>Symp</strong></span> <span class='ocrx_word' id='word_1_250' title='bbox 527 2321 653 2365; x_wconf 84' lang='lat' dir='ltr'><strong>osio</strong></span> <span class='ocrx_word' id='word_1_251' title='bbox 703 2320 861 2378; x_wconf 85' lang='lat' dir='ltr'><strong>optimi</strong></span> <span class='ocrx_word' id='word_1_252' title='bbox 910 2321 1012 2362; x_wconf 83' lang='lat' dir='ltr'><strong>sunt</strong></span> <span class='ocrx_word' id='word_1_253' title='bbox 1056 2316 1420 2363; x_wconf 86' lang='lat' dir='ltr'><strong>Bodleianus</strong></span> <span class='ocrx_word' id='word_1_254' title='bbox 1469 2332 1506 2364; x_wconf 83' lang='lat' dir='ltr'><strong>s.</strong></span> <span class='ocrx_word' id='word_1_255' title='bbox 1553 2317 1932 2374; x_wconf 84' lang='lat' dir='ltr'><strong>Clarkiauus,</strong></span> 
     </span>
     <span class='ocr_line' id='line_1_29' title="bbox 349 2387 1935 2446; baseline -0.002 -9"><span class='ocrx_word' id='word_1_256' title='bbox 349 2392 694 2446; x_wconf 81' lang='lat' dir='ltr'><strong>Vaticanus,</strong></span> <span class='ocrx_word' id='word_1_257' title='bbox 731 2389 953 2435; x_wconf 87' lang='lat' dir='ltr'><strong>Vindob</strong></span> <span class='ocrx_word' id='word_1_258' title='bbox 969 2404 1051 2434; x_wconf 88' lang='lat' dir='ltr'><strong>on.</strong></span> <span class='ocrx_word' id='word_1_259' title='bbox 1081 2390 1122 2436; x_wconf 91' lang='lat'><strong>1.</strong></span> <span class='ocrx_word' id='word_1_260' title='bbox 1155 2388 1199 2433; x_wconf 82' lang='lat'><strong>2.</strong></span> <span class='ocrx_word' id='word_1_261' title='bbox 1265 2390 1302 2433; x_wconf 85' lang='lat' dir='ltr'>C</span> <span class='ocrx_word' id='word_1_262' title='bbox 1316 2390 1399 2434; x_wconf 90' lang='lat' dir='ltr'><strong>ois</strong></span> <span class='ocrx_word' id='word_1_263' title='bbox 1413 2387 1706 2443; x_wconf 83' lang='lat' dir='ltr'><strong>linianus,</strong></span> <span class='ocrx_word' id='word_1_264' title='bbox 1745 2389 1935 2434; x_wconf 84' lang='lat' dir='ltr'><strong>Vene-</strong></span> 
     </span>
     <span class='ocr_line' id='line_1_30' title="bbox 349 2463 588 2508; baseline -0.004 0"><span class='ocrx_word' id='word_1_265' title='bbox 349 2467 442 2508; x_wconf 80' lang='lat' dir='ltr'><strong>tus</strong></span> <span class='ocrx_word' id='word_1_266' title='bbox 470 2477 511 2507; x_wconf 88' lang='lat' dir='ltr'><strong>a.</strong></span> <span class='ocrx_word' id='word_1_267' title='bbox 540 2463 588 2507; x_wconf 78' lang='lat' dir='ltr'><strong>b.</strong></span> 
     </span>
    </p>

    <p class='ocr_par' dir='ltr' id='par_1_9' title="bbox 347 2528 1932 2662">
     <span class='ocr_line' id='line_1_31' title="bbox 403 2528 1932 2587; baseline -0.001 -9"><span class='ocrx_word' id='word_1_268' title='bbox 403 2535 503 2578; x_wconf 86' lang='lat' dir='ltr'><strong>Hos</strong></span> <span class='ocrx_word' id='word_1_269' title='bbox 531 2537 683 2578; x_wconf 85' lang='lat' dir='ltr'><strong>autem</strong></span> <span class='ocrx_word' id='word_1_270' title='bbox 709 2528 941 2577; x_wconf 85' lang='lat' dir='ltr'><strong>brevitatis</strong></span> <span class='ocrx_word' id='word_1_271' title='bbox 966 2538 1101 2577; x_wconf 80' lang='lat' dir='ltr'><strong>causa</strong></span> <span class='ocrx_word' id='word_1_272' title='bbox 1127 2543 1215 2574; x_wconf 87' lang='lat' dir='ltr'><strong>non</strong></span> <span class='ocrx_word' id='word_1_273' title='bbox 1242 2528 1329 2574; x_wconf 88' lang='lat' dir='ltr'><strong>nisi</strong></span> <span class='ocrx_word' id='word_1_274' title='bbox 1365 2544 1468 2574; x_wconf 85' lang='lat' dir='ltr'><strong>raro</strong></span> <span class='ocrx_word' id='word_1_275' title='bbox 1498 2530 1701 2587; x_wconf 80' lang='lat' dir='ltr'><strong>singulos</strong></span> <span class='ocrx_word' id='word_1_276' title='bbox 1729 2532 1932 2577; x_wconf 88' lang='lat' dir='ltr'><strong>nomina-</strong></span> 
     </span>
     <span class='ocr_line' id='line_1_32' title="bbox 347 2592 1928 2662; baseline -0.001 -14"><span class='ocrx_word' id='word_1_277' title='bbox 347 2605 493 2648; x_wconf 81' lang='lat' dir='ltr'><strong>vimus</strong></span> <span class='ocrx_word' id='word_1_278' title='bbox 504 2637 518 2659; x_wconf 93' lang='lat'><strong>,</strong></span> <span class='ocrx_word' id='word_1_279' title='bbox 546 2606 810 2662; x_wconf 80' lang='lat' dir='ltr'><strong>plerumque</strong></span> <span class='ocrx_word' id='word_1_280' title='bbox 838 2601 1098 2659; x_wconf 85' lang='lat' dir='ltr'><strong>simpliciter</strong></span> <span class='ocrx_word' id='word_1_281' title='bbox 1133 2617 1160 2646; x_wconf 88' lang='lat' dir='ltr'><strong>o</strong></span> <span class='ocrx_word' id='word_1_282' title='bbox 1168 2617 1196 2659; x_wconf 88' lang='lat' dir='ltr'><strong>p</strong></span> <span class='ocrx_word' id='word_1_283' title='bbox 1205 2601 1247 2646; x_wconf 91' lang='lat' dir='ltr'><strong>ti</strong></span> <span class='ocrx_word' id='word_1_284' title='bbox 1258 2616 1306 2647; x_wconf 90' lang='lat' dir='ltr'><strong>m</strong></span> <span class='ocrx_word' id='word_1_285' title='bbox 1315 2616 1341 2646; x_wconf 93' lang='lat' dir='ltr'><strong>o</strong></span> <span class='ocrx_word' id='word_1_286' title='bbox 1352 2617 1376 2646; x_wconf 88' lang='lat' dir='ltr'><strong>r</strong></span> <span class='ocrx_word' id='word_1_287' title='bbox 1385 2617 1468 2647; x_wconf 90' lang='lat' dir='ltr'><strong>um</strong></span> <span class='ocrx_word' id='word_1_288' title='bbox 1495 2601 1720 2647; x_wconf 87' lang='lat' dir='ltr'><strong>librorum</strong></span> <span class='ocrx_word' id='word_1_289' title='bbox 1747 2592 1928 2647; x_wconf 85' lang='lat' dir='ltr'><strong>nomine</strong></span> 
     </span>
    </p>
   </div>
   <div class='ocr_carea' id='block_1_4' title="bbox 345 2675 675 2735">
    <p class='ocr_par' dir='ltr' id='par_1_10' title="bbox 345 2675 675 2735">
     <span class='ocr_line' id='line_1_33' title="bbox 345 2675 675 2735; baseline 0.003 -15"><span class='ocrx_word' id='word_1_290' title='bbox 345 2675 675 2735; x_wconf 69' lang='lat' dir='ltr'><strong>insIgnivimun.</strong></span> 
     </span>
    </p>
   </div>
  </div>
 </body>
</html>
