2040 3646
782 172 1094 227 PHAEDO.
1113 226 1117 228 ε

1671 173 1773 232 123

97 315 254 387 σῶμα
285 310 379 368 καὶ
407 307 547 386 ταχὺ
596 309 768 369 σαπέν
800 310 1074 387 διοίχοιτο.
1134 304 1265 381 dicte
1299 305 1482 412 τούτῳ
1513 312 1591 413 τῷ
1624 305 1773 390 λόγῳ

97 392 257 457 οὔπω
289 392 441 464 ἄξιον
459 393 823 453 πιστεύσαντα
851 393 1110 470 θαόῥεΐυ,
1154 391 1262 465 ὡς,
1304 390 1521 452 ἐπειδὰν
1546 390 1769 452 αποθα-

74 501 287 556 asangm),
329 479 404 536 ἔτι
426 495 541 537 που
559 475 721 582 Ἴήιιῶν
747 477 783 558 ἡ
808 477 962 558 ψυχὴ
987 480 1143 537 ἓᾝστιν
1188 480 1235 536 εἰ
1254 476 1360 556 γάρ
1383 498 1465 550 τις
1486 478 1578 535 καὶ
1601 477 1770 536 πλέον
1810 486 1893 544 88

98 563 175 622 ἔτι
209 568 285 621 τῶ
311 563 521 640 λέγοντι
547 558 588 640 ἢ
619 559 653 619 ἃ
683 560 759 621 συ
797 563 967 641 λέγεις
1003 560 1391 640 ξυγχωρήσειε,
1445 558 1583 633 δοὺς
1620 559 1771 652 αὐτῷ

97 645 174 726 μὴ
208 645 379 723 μόνον
415 648 470 705 εὐ
503 651 579 704 τῶ
615 648 744 723 πρὶν
789 649 883 705 καὶ
919 648 1172 725 γενέσθαι
1218 643 1362 724 ἡμᾶς
1412 646 1590 728 χρόνῳ
1634 641 1772 705 εἶναι

97 729 253 810 ἡιιῶν
290 729 390 810 τὴν
426 729 640 808 ψυχην,
709 728 847 788 αλλὰ
881 733 1052 809 μηδὲν
1083 733 1341 800 κωλύειν,
1408 730 1503 787 καὶ
1554 705 1772 790 ἐπειδὰν

98 813 491 890 ἀποθάνωμεν,
535 815 741 872 ἐνίων
723 815 799 872 ἔτι
825 822 960 873 εῖναι
999 816 1092 872 καὶ
1127 814 1350 871 ἔσεσθαι
1382 814 1475 870 καὶ
1506 813 1772 887 πολλάκις

94 898 424 977 γενήσεσθαι
458 899 550 955 καὶ
583 895 1015 957 αποθανεῖσθαι
1036 887 1220 968 αὖθις·

1291 892 1438 968 οὕτω
1477 894 1580 974 γὰρ
1631 896 1772 957 αὐτὸ

96 982 269 1061 φύσει
293 979 522 1062 ἰσχυρὸν
543 976 678 1041 εἶναι
692 1025 708 1054 ‚
751 979 878 1056 &gre
903 980 1168 1053 πολλάκις
1192 980 1512 1062 γιγνομένην
1534 979 1635 1063 τὴν
1654 986 1772 1055 ψυ-

98 1191 258 1247 qucndi
289 1191 507 1234 rationem
539 1191 628 1235 iam
657 1191 767 1234 alibi
801 1193 904 1235 atti-

98 1250 260 1306 gimus.
300 1264 340 1293 ν.
371 1250 406 1291 Α
417 1251 446 1291 b
458 1265 479 1291 r
492 1264 516 1290 e
529 1264 547 1289 s
560 1250 642 1294 ch.
673 1250 901 1302 Animadv-

102 1306 159 1350 ad
183 1306 387 1363 Aeschyl.
409 1321 451 1362 p.
475 1305 571 1351 174.

155 1419 206 1462 Ρ.
227 1418 297 1462 88.
369 1419 413 1463 εἰ
438 1415 525 1477 γάρ
560 1434 629 1469 τις
653 1417 731 1463 καὶ
766 1418 904 1462 πλέον

102 1473 168 1519 ἔτι
187 1477 245 1531 -]
288 1477 430 1518 Locus
453 1477 686 1519 admodum
709 1477 905 1519 salebro-

101 1547 192 1576 sus.
215 1533 734 1576 Schleiermacher.
762 1528 906 1589 7'7'post—

101 1589 276 1644 λέγοντι
310 1591 542 1633 delendum
587 1595 756 1661 censet,
815 1604 902 1644 quo

98 1647 214 1689 facto
248 1649 387 1690 verba
420 1647 498 1690 καὶ
529 1646 667 1691 πλέον
701 1645 767 1689 ἐτι
802 1661 903 1688 cum

102 1701 400 1774 ξυγχωρήσειε
419 1704 638 1755 connecti,
667 1717 906 1758 pronomen

102 1759 158 1804 σύ
199 1769 347 1803 autem
385 1762 442 1804 ad
483 1761 710 1804 Socratem
749 1760 908 1802 referri

101 1821 304 1872 oportere
324 1818 578 1860 arbitratur
638 1819 765 1871 Quae
793 1817 906 1859 ratio

99 1873 183 1916 etsi
205 1874 347 1929 primo
375 1876 583 1930 adspectu
599 1874 738 1916 habet
758 1887 843 1927 quo
860 1887 907 1914 se

99 1944 368 1987 magnopere
406 1932 703 1981 commendet,
757 1936 905 1972 tamen

99 1988 277 2044 magnis
316 1988 507 2036 obnoxia
541 1993 604 2028 est
637 1986 907 2029 difficultati-

102 2045 200 2087 bus.
259 2043 370 2086 Nam
399 2044 589 2099 primum
618 2041 647 2098 ἥ
681 2044 726 2085 in
762 2042 905 2086 omni-

102 2102 188 2144 bus
226 2100 356 2142 libris
389 2105 670 2143 conservatur
704 2106 905 2142 constan-

104 2162 184 2201 ter.
234 2157 402 2199 Deinde
419 2157 567 2199 nescio
591 2156 694 2212 quid
715 2156 906 2198 insolen-

103 2214 193 2256 tiae
230 2213 366 2256 habet
394 2214 534 2256 istud:
583 2214 647 2271 τῷ
679 2211 851 2266 λέγοντι
875 2206 905 2255 οὶ

103 2266 160 2313 σύ
202 2267 365 2324 λέγεις,
412 2284 490 2324 pro
529 2285 614 2325 quo
649 2269 819 2326 simplic
824 2270 907 2311 iter

103 2327 181 2370 σοί
195 2332 367 2381 poterat
386 2327 486 2370 dici.
543 2328 697 2380 Itaque
728 2326 907 2368 Hein-

102 2384 242 2426 dorf.
282 2383 517 2450 ‘existimat
545 2384 754 2425 Cebetem
780 2383 906 2434 haec,

101 2447 151 2482 ut
173 2439 370 2495 proxime
393 2454 674 2495 praegressa,
714 2439 769 2482 ad
789 2440 907 2482 Sim-

102 2496 241 2540 miam
285 2511 541 2539 conversum
593 2497 738 2538 dicere
761 2527 774 2548 ‚
830 2494 909 2550 qui

103 2567 240 2619 quum
276 2567 407 2608 supra
437 2568 478 2608 p.
501 2551 571 2596 85.
594 2554 649 2597 D.
673 2567 766 2606 sqq.
804 2566 906 2593 con-

103 2609 305 2652 cessisset
340 2609 510 2653 animos
549 2610 765 2653 humanos
808 2615 908 2650 ante

102 2667 220 2708 hanc
238 2666 377 2708 vitam
401 2666 555 2721 fuisse,
586 2666 741 2707 deinde
762 2670 908 2707 tamen

106 2723 255 2766 animo
278 2734 379 2765 cum
399 2699 632 2765 harm6nia
655 2727 907 2776 comparato

104 2783 346 2844 negaverat
394 2779 606 2822 maiorem
658 2778 779 2820 illius
840 2792 909 2819 es-

103 2850 153 2879 se
180 2833 432 2877 firmitatem
472 2849 525 2877 ac
562 2835 909 2886 diuturnitatem,

105 2905 243 2960 quam
293 2890 500 2945 corporis.
569 2892 723 2946 Itaque
761 2891 909 2934 vorbis

104 2945 243 2992 πλέον
265 2944 329 2991 ἔτι
362 2961 461 2989 cum
492 2944 665 3003 λέγοντι
695 2947 911 3004 copulatis

106 3018 284 3048 sensum
308 3005 542 3046 verborum
563 3005 682 3047 hunc
709 3018 802 3045 esse
829 3019 911 3059 pu-

107 3065 194 3104 tat.
235 3074 354 3102 nam
383 3060 554 3104 etiam
584 3061 632 3103 si
663 3061 786 3115 quis
817 3074 910 3102 as-

107 3117 402 3160 sentiatur
431 3117 503 3172 ei,
542 3117 639 3172 qui
665 3117 753 3159 vel
779 3117 910 3172 plus

108 3174 408 3225 concedat,
457 3188 618 3228 quam
654 3178 736 3225 tu,
791 3174 913 3215 lar-

107 3229 269 3285 giens
298 3229 396 3272 illi
422 3230 560 3282 hoc,
589 3244 700 3272 non
730 3229 915 3272 solum

107 3292 190 3329 etc.
245 3287 370 3340 Quae
395 3286 571 3341 quidem
599 3285 915 3340 interpretatio,

107 3342 283 3384 etiamsi
304 3347 348 3384 et
370 3341 467 3400 ipsa
488 3358 578 3385 non
599 3346 747 3389 careat
775 3343 914 3384 mole·

13 3413 25 3442 ·,
107 3398 193 3444 otia
215 3398 432 3455 quadam,
471 3404 617 3445 tamen
643 3398 839 3444 tenenda
848 3398 916 3443 vi-

967 1191 1117 1247 detur,
1156 1189 1292 1232 donce
1322 1188 1429 1233 libri
1449 1203 1586 1232 manu
1604 1189 1770 1246 scripti,

967 1249 1073 1315 qnid
1103 1261 1256 1290 verum
1289 1246 1372 1299 sit,
1421 1247 1584 1289 certius
1612 1249 1773 1289 docue-

966 1306 1067 1348 rint.
1119 1305 1326 1346 Ceterum
1343 1304 1458 1359 quod
1481 1305 1616 1346 verba
1635 1303 1774 1348 πλέον

968 1360 1034 1405 ἔτι
1051 1362 1115 1403 ita
1139 1360 1348 1416 praemiss
1331 1375 1379 1403 sa
1400 1366 1526 1412 sunt,
1555 1361 1670 1403 nihil
1684 1362 1775 1404 fre-

969 1418 1171 1474 quentius
1199 1432 1244 1458 es
1249 1424 1265 1459 t
1288 1418 1374 1459 hoc
1402 1417 1669 1473 hyperbat0‚
1722 1417 1772 1461 in

969 1490 1055 1531 quo
1091 1474 1237 1516 nescio
1271 1488 1350 1515 cur
1381 1473 1447 1515 Sc
1457 1474 1774 1516 hleierma-

969 1533 1118 1575 cher.
1151 1531 1259 1572 adeo
1297 1530 1553 1582 offenderit,
1590 1536 1639 1572 ut
1675 1545 1774 1575 ma·-

967 1588 1100 1631 luerit
1136 1588 1287 1629 locum
1314 1587 1564 1628 coniectura
1589 1592 1772 1631 tentare.

969 1646 1052 1687 Cui
1082 1644 1287 1700 quoniam
1326 1643 1453 1686 video
1484 1645 1683 1700 exempla
1714 1646 1772 1687 ab

967 1700 1314 1744 Heindorfio
1357 1700 1493 1742 allata
1525 1715 1610 1742 non
1646 1702 1786 1744 satis-'

966 1756 1267 1809 recisse‚a1ia
1288 1757 1447 1800 addere
1475 1771 1561 1798 non
1587 1757 1671 1801 erit
1699 1772 1775 1799 su·-

966 1827 1299 1881 pervacancum.
1355 1815 1446 1855 Iso
1463 1818 1596 1856 crat.
1636 1815 1776 1857 Areo-

969 1871 1106 1941 pavit.
1150 1886 1187 1913 c.
1212 1871 1288 1914 XI.
1332 1864 1423 1914 ἄλλ’
1455 1866 1599 1913 ἐκεῖνο
1625 1868 1774 1926 μόνον

971 1904 1190 1984 ἐτηρουν,
1237 1922 1361 1977 ὅπως
1384 1923 1527 1982 μηδὲν
1547 1923 1662 1996 μήτε
1681 1928 1775 1970 τῶν

967 1985 1173 2053 πατρίων
1195 1981 1523 2035 καταλύσουσι,
1553 1983 1666 2052 μήτε
1688 1982 1775 2036 ε’ξω

967 2059 1061 2088 των
1098 2038 1404 2103 νομιζομένων
1440 2039 1773 2098 προςθήσουσι.

967 2100 999 2142 i.
1046 2114 1084 2142 e.
1143 2098 1235 2140 τῶν
1274 2096 1356 2149 ἔξω
1401 2112 1452 2140 νο
1457 2098 1545 2152 μ.ιζ
1604 2099 1772 2142 Plat.

929 2158 1108 2211 {aeg-g.
1132 2155 1169 2196 I.
1215 2169 1256 2221 p.
1286 2154 1384 2197 636.
1414 2155 1466 2196 Β.
1505 2152 1583 2197 καὶ
1609 2151 1664 2210 δὴ
1695 2153 1775 2197 καὶ

969 2207 1168 2256 παλαιὸν
1190 2207 1385 2278 νόμιμον
1411 2211 1535 2253 δοκεῖ
1558 2211 1696 2254 τοῦτο
1720 2207 1774 2254 τὸ

969 2266 1249 2323 ἐπιτήδευμα
1269 2263 1386 2310 κατὰ
1409 2265 1550 2335 φύσιν
1570 2264 1654 2318 τὰς
1669 2267 1777 2335 περὶ

970 2325 1031 2369 τὰ
1063 2324 1315 2394 ἀφροδίσια
1328 2320 1518 2393 ἡδονὰς
1552 2340 1606 2368 ου
1629 2322 1777 2379 μόιον

970 2378 1261 2451 ἀνθρώπων,
1311 2376 1424 2425 αλλὰ
1471 2379 1550 2425 καὶ
1593 2381 1776 2438 θηρίων

971 2437 1320 2500 διεφθαρκέναι.
1351 2439 1391 2481 Χ
1405 2453 1428 2479 e
1440 2452 1467 2478 n
1479 2453 1504 2479 o
1516 2438 1595 2493 pb.
1611 2439 1773 2507 Cyrop.

969 2498 1028 2541 ΙΙ.
1055 2496 1098 2551 1,
1115 2496 1185 2538 26.
1200 2492 1353 2566 εἶχον
1384 2490 1471 2564 γὰρ
1506 2494 1551 2538 οἱ
1580 2493 1662 2549 μὲν
1695 2511 1776 2538 τα·-

971 2554 1150 2612 ξίαρχοι
1182 2547 1266 2622 υφ’
1300 2550 1483 2600 ἑαυτοῖς
1512 2547 1596 2600 τὰς
1624 2549 1777 2604 τάξεις

968 2607 1318 2678 κεκοσμημένας.
1381 2609 1459 2651 ubi
1512 2609 1563 2650 Μ
1576 2623 1604 2649 ιι
1616 2615 1742 2652 retu
1755 2623 1776 2652 s

970 2667 1235 2734 corrigebat
1250 2663 1335 2715 τὰς
1359 2659 1438 2734 ὑφ’
1462 2663 1655 2715 ἑαυτοῖς.

1027 2719 1147 2766 οὕτω
1185 2718 1306 2788 γὰρ
1315 2715 1427 2764 αὐτὸ
1472 2719 1607 2776 φύσει
1659 2721 1774 2778 ἰσχ.]

971 2781 1220 2825 Pronomen
1247 2772 1361 2823 αὐτό
1397 2779 1586 2822 refertur
1611 2780 1669 2820 ad
1689 2788 1779 2828 ψυ-

971 2834 1073 2898 χήν.
1100 2834 1468 2905 Infrap.109.A.
1497 2832 1711 2891 πάμμεγα
1732 2851 1780 2879 τι

974 2890 1092 2937 εἶναι
1117 2887 1247 2935 αὐτό.
1272 2892 1349 2934 int.
1362 2887 1451 2960 τὴν
1469 2892 1568 2948 γῆν.
1597 2893 1777 2961 Menon.

972 2965 1015 3018 Ρ.
1039 2949 1110 2991 73.
1131 2950 1179 2993 C.
1207 2944 1378 3017 ἐπειδὴ
1410 2950 1567 2993 τοίνυν
1594 2945 1623 3004 ἢ
1656 2944 1774 3002 αὐτὴ

975 3002 1114 3064 αρετὴ
1154 3002 1340 3049 πάντων
1370 3002 1485 3057 ἐστί,
1532 3006 1677 3076 πειρῶ
1717 3005 1781 3048 εἰ-

974 3066 1078 3107 πεῖν
1107 3060 1186 3105 καὶ
1209 3058 1589 3116 ἀναμνησθῆναι,
1627 3061 1674 3105 τί
1696 3058 1780 3105 αὖ·

975 3117 1030 3162 τό
1070 3131 1184 3173 φησι
1221 3118 1418 3173 Γοργίας
1454 3095 1589 3163 εἶναι.
1641 3119 1781 3161 Plura

976 3175 1078 3219 dedi
1099 3175 1156 3218 ad
1177 3175 1353 3219 Phileb.
1380 3190 1422 3229 p.
1447 3175 1504 3217 74
1526 3190 1587 3229 sq.
1647 3176 1782 3217 Pote-

977 3238 1048 3277 rat
1076 3231 1218 3299 igitur
1242 3232 1444 3286 deinceps
1463 3245 1662 3300 pergere
1691 3232 1805 3273 hoc.

976 3288 1137 3332 modo·
1181 3282 1293 3357 ᾡςτε
1334 3284 1549 3337 πολλάκις
1576 3285 1780 3353 γιγνόμε-

978 3360 1062 3389 νον
1090 3339 1306 3411 ἀντέχειν.
1344 3344 1431 3387 Sed
1458 3343 1782 3414 perspicuitatis

981 3415 1114 3448 onusa
1131 3401 1239 3446 dica
1258 3415 1527 3460 γιγνομένην
1536 3417 1619 3458 την
1627 3395 1782 3458 ψυχνν
