2040 3646
233 177 272 232 6
821 163 824 166 ⁴
878 163 1282 223 PRAEFA‘Tlo

239 303 414 351 animus
442 304 665 366 ipsorum,
711 318 739 349 a
761 318 946 362 corpore
976 305 1170 359 solutus,
1207 319 1343 362 quam
1367 305 1464 350 lieri
1499 310 1641 363 potest
1667 307 1921 352 liberrimus

239 376 409 422 evadat.
624 389 626 391 ’
1238 389 1242 392 ·

409 447 515 504 Gap.
538 447 661 491 xm.
721 448 873 504 Quare
895 447 934 490 si
955 458 1087 502 quem
1105 446 1291 491 videatis
1305 452 1494 491 mortem
1512 447 1672 490 timere
1687 481 1709 504 ,,
1729 449 1848 492 hunc
1869 465 1923 494 ne

240 507 451 564 dubitetis
470 518 670 562 iudicare
705 516 1031 576 φιλοσώματον
1063 519 1208 574 potius
1245 533 1379 575 quam
1430 516 1706 574 φιλόσοφον.
1765 520 1924 562 Cuius-

240 588 363 634 modi
389 589 618 643 homines,
658 590 1027 646 quemadmodum
1054 605 1142 638 non
1170 595 1352 646 possunt
1378 591 1608 646 pervenire
1642 590 1697 632 ad
1726 590 1926 634 veritatis

240 659 541 717 cognitionem
559 666 608 703 et
636 662 893 715 seientiam,
938 656 1003 708 ita
1024 676 1106 709 neo
1130 662 1338 704 virtutem
1369 676 1563 716 unquam
1591 668 1928 716 consequuntur,

239 730 330 774 hoe
358 731 537 775 nomine
563 731 758 788 dignam.
825 731 1000 775 Etenim
1041 732 1263 775 abstinent
1290 745 1338 774 se
1379 733 1435 774 ab
1473 732 1573 775 aliis
1611 731 1926 788 voluptatibus,

222 812 329 858 'quo
347 802 521 846 facilius
547 817 603 852 ac
632 803 796 851 diutius
830 803 931 851 aliis
958 803 1179 856 fruentum
1227 803 1378 845 colunt
1407 803 1647 856 iustitiam,
1693 818 1747 845 ne
1766 803 1848 860 ipsi
1869 805 1926 847 ab

223 871 525 919 >aliisiniuria
544 874 821 929 afficiantur-3
870 875 1004 923 fortes
1033 879 1133 917 sunt
1167 889 1271 930 prae
1294 873 1478 930 ignavia
1503 881 1578 917 aut
1610 874 1930 928 imbecillitate,

242 947 379 1001 quum
396 959 482 988 non
505 946 703 989 habeant
730 947 893 995 virium
918 945 1024 988 satis
1055 946 1112 988 ad
1144 945 1417 995 sustinendas
1442 946 1777 1000 tolerandasque
1811 948 1929 990 cala-

241 1014 432 1066 mitates.
458 1037 462 1042 =
490 1017 691 1074 Denique
707 1017 881 1062 nonnisi
899 1016 1206 1066 adumbratam
1235 1017 1453 1071 quandam
1476 1017 1650 1063 virtutis
1675 1017 1864 1072 speciem
1887 1024 1931 1060 et

240 1085 485 1145 imaginem
503 1088 860 1144 amplectuutur,
885 1101 974 1130 non
999 1086 1141 1148 ipsam
1164 1087 1376 1130 virtutem
1395 1088 1569 1141 colunt,
1598 1089 1796 1143 adeoque
1815 1103 1930 1130 mer·

219 1157 588 1215 *caturamquasi
607 1158 826 1214 quandam
852 1157 1029 1206 virtutis
1061 1157 1251 1212 saniant,
1292 1173 1428 1214 quum
1454 1159 1604 1201 omnia
1631 1159 1930 1213 voluptatibus

241 1229 497 1280 metiantur,
562 1228 665 1275 Alia
694 1241 874 1286 prorsus
912 1233 978 1278 est
1011 1229 1108 1277 veri
1147 1229 1404 1286 philosophi
1439 1229 1653 1272 sentiendi
1684 1230 1932 1285 agendique

242 1298 383 1349 ratio:
414 1301 514 1362 qui,
542 1300 759 1359 quidquid
785 1300 903 1358 agit,
932 1307 1165 1356 propterea
1189 1301 1307 1358 agit,
1349 1301 1465 1356 quod
1485 1315 1667 1352 verum,
1696 1300 1863 1343 bonum
1888 1307 1933 1345 et

241 1369 410 1419 iustum
425 1376 520 1415 esse
541 1362 677 1420 videt.¹
736 1373 837 1428 Quo
860 1371 956 1427 ipso
992 1371 1192 1420 animum
1219 1386 1350 1421 suum
1377 1371 1503 1427 quasi
1520 1377 1752 1428 praeparat
1774 1373 1829 1414 ad
1859 1387 1932 1415 eo·

243 1443 542 1500 gnoscendam
573 1447 616 1486 et
648 1443 904 1492 intuendam
933 1441 1078 1498 ipsam
1115 1457 1267 1485 rerum
1301 1442 1550 1491 veritatem,
1607 1438 1736 1503 Hanc
1768 1449 1932 1497 autem,

215 1523 221 1538 ³
243 1518 456 1569 quantum
474 1513 728 1572 intelligere
752 1520 795 1559 et
815 1513 1031 1569 suspicari
1055 1513 1183 1558 nobis
1204 1514 1362 1567 liceat,
1401 1513 1574 1556 animus
1605 1514 1824 1557 humanus
1856 1522 1934 1558 aut

243 1598 462 1641 nusquam
483 1586 696 1643 attinget,
726 1590 803 1632 aut
818 1590 916 1643 post
939 1590 1129 1634 mortem
1156 1590 1459 1640 consequetur.
1519 1586 1645 1627 Haec
1675 1586 1823 1628 omnia
1845 1586 1930 1642 igi-

243 1658 321 1698 tur
336 1660 512 1704 meeum
531 1660 741 1713 reputans
764 1662 926 1706 sortem
950 1669 1096 1704 meam
1119 1657 1230 1705 adeo
1264 1670 1351 1698 non
1379 1656 1565 1703 moleste
1590 1656 1710 1708 fero,
1757 1663 1807 1699 ut
1833 1671 1931 1700 eam

242 1725 380 1774 etiam
404 1727 597 1776 *faustam
622 1722 890 1783 beatamque
934 1741 1031 1768 esse
1060 1726 1265 1777 arbitrer.
1345 1727 1522 1777 Etenim
1565 1734 1686 1775 oerta
1715 1741 1788 1774 me
1831 1742 1932 1784 spes

218 1800 363 1841 'tenet
389 1798 586 1847 futurum
607 1813 703 1846 esse
718 1830 732 1853 ,
774 1787 827 1843 ut¹
849 1797 964 1854 apud
989 1797 1152 1847 inferos
1177 1799 1319 1841 multo
1343 1798 1578 1841 certiorem
1603 1798 1934 1855 plenioremque

215 1883 217 1885 ’
243 1882 488 1925 consequar
507 1869 705 1915 veritatis
731 1869 1053 1926 cognitionem,
1082 1869 1155 1918 eui
1176 1883 1249 1918 me
1271 1869 1409 1913 nostis
1427 1884 1504 1925 per
1523 1874 1662 1916 totam
1682 1868 1818 1912 vitam
1840 1878 1932 1913 stu·

242 1939 420 1992 (luisse3
448 1944 492 1989 et
508 1940 708 1989 dominos
729 1946 860 1996 atque
881 1939 1047 1983 amicos
1067 1940 1202 1983 etiam
1216 1940 1312 1983 illie
1333 1939 1750 1996 habeamoptimos.
1806 1942 1933 1984 Haec

242 2010 387 2069 igitur
411 2017 536 2068 sunt,
565 2026 680 2071 quae
701 2011 792 2054 mei
811 2011 1071 2055 defendendi
1101 2025 1234 2055 causa
1254 2012 1375 2067 apud
1406 2025 1508 2064 vost,
1550 2011 1710 2064 amici,
1747 2011 1934 2056 dicenda

241 2082 527 2132 videbanturx¹
593 2096 707 2145 quae
742 2082 783 2129 si
817 2083 946 2133 vobis
973 2084 1161 2147 probata
1199 2082 1390 2139 fuerint,
1450 2082 1616 2147 optime
1659 2083 1826 2134 factum
1861 2099 1933 2128 ar·-

211 2169 213 2173 ·
241 2153 459 2220 Igitrahor,
768 2171 770 2174 ·
1844 2184 1846 2186 -

207 2237 214 2242 ·
368 2249 372 2253 ,
410 2225 517 2280 Gap,
538 2224 653 2273 xlv,
711 2226 838 2283 Quae
867 2227 1100 2288 postquam
1135 2225 1342 2274 Socrates
1370 2224 1690 2281 disputaverat,
1738 2226 1932 2282 primum

243 2295 389 2345 Cebes
407 2294 450 2343 ei
466 2295 719 2351 respondit:
777 2296 934 2342 Cetera
954 2296 1148 2358 quidem,
1177 2311 1204 2342 o
1229 2297 1452 2353 Socrates,
1480 2310 1594 2351 quae
1611 2296 1773 2350 dixisti,
1802 2299 1931 2353 plano

212 2383 216 2387 ¹
241 2366 360 2415 mihi
379 2368 620 2423 probantur
641 2371 685 2410 et
708 2367 891 2424 egregie
907 2367 1127 2423 disputata
1157 2367 1374 2416 videntur,
1434 2367 1521 2412 Sed
1547 2367 1654 2422 quid
1684 2368 1831 2415 animo
1863 2369 1931 2410 fu-

244 2442 396 2483 turum
418 2436 476 2486 sit
494 2451 522 2486 a
540 2452 726 2494 corpore
749 2442 986 2496 segregato
1007 2442 1051 2480 et
1066 2438 1286 2487 disiuncto
1301 2468 1314 2490 ‚
1354 2437 1401 2479 id
1423 2437 1601 2497 quidem
1621 2437 1772 2480 multis
1792 2439 1932 2481 obno-

244 2508 370 2553 xium
388 2513 454 2555 est
474 2508 839 2558 dubitationibus,
888 2497 1041 2566 'Vulgo
1073 2509 1194 2556 enim
1215 2513 1438 2562 metuunt,
1475 2523 1530 2551 ne
1551 2523 1575 2550 e
1595 2521 1780 2564 corpore
1807 2524 1932 2552 exce—

245 2579 354 2626 dens
380 2579 553 2627 animus
589 2585 798 2639 tanquam
828 2580 996 2627 halitus
1029 2584 1106 2628 aut
1143 2581 1289 2628 fumus
1323 2578 1558 2635 dissipetur
1592 2584 1726 2635 atque
1752 2595 1931 2637 prorsus

227 2655 491 2700 «evanescat,
549 2651 704 2711 Itaque
735 2651 1034 2698 necessarium
1062 2657 1151 2706 est,
1203 2656 1252 2699 ut
1283 2652 1494 2706 probetur
1519 2650 1794 2708 argumentis
1828 2666 1932 2695 eum

245 2720 383 2769 etiam
407 2726 506 2779 post
526 2727 715 2770 mortem
736 2723 931 2778 eorporis
952 2737 1129 2770 manere
1149 2721 1426 2779 superstitem
1440 2753 1454 2774 ‚
1495 2721 1672 2778 vigere,
1707 2723 1931 2779 cogitare:

245 2792 432 2847 eiusque
453 2792 546 2846 rei,
574 2807 600 2836 ο
625 2793 827 2843 Socrates
842 2826 855 2846 ,
885 2794 921 2836 si
944 2808 1077 2853 quam
1097 2798 1219 2838 tenes
1242 2792 1576 2854 explicationem
1598 2798 1641 2839 et
1661 2793 1933 2841 demonstra-

243 2862 435 2918 tionem,
464 2877 550 2920 age
572 2863 698 2913 illam
716 2864 947 2913 nobiseum
973 2864 1265 2912 communica.
1323 2863 1421 2919 Ego
1445 2878 1551 2907 vero
1566 2895 1579 2917 ‚
1606 2863 1750 2925 inquit
1771 2865 1931 2908 Socra-

244 2937 339 2993 tes,
386 2934 549 2982 faciam
577 2936 692 2996 quod
729 2935 902 2998 petitis3
955 2949 1097 2997 neque
1129 2934 1247 2983 euim
1278 2934 1488 2996 exiguum
1517 2936 1629 2988 hoc,
1667 2936 1785 2994 quod
1815 2935 1930 2984 mihi

242 3010 468 3060 superest,
517 3006 636 3054 vitae
673 3014 845 3065 tempus
876 3005 1034 3055 melius
1053 3006 1274 3053 collocare
1295 3005 1484 3066 possim,
1532 3020 1666 3062 quam
1692 3006 1733 3050 si
1761 3007 1815 3052 de
1840 3007 1929 3055 hoe

243 3076 509 3135 gravissimo
530 3085 793 3134 argumento
815 3077 918 3138 quid
939 3075 1053 3125 mihi
1074 3077 1275 3125 videatur
1297 3076 1424 3121 vobis
1452 3090 1679 3132 exponam.

412 3147 518 3209 Cap..
541 3147 620 3194 XV
648 3154 692 3193 ot
718 3149 830 3196 XVI..
910 3149 968 3192 Et
994 3148 1188 3203 primum
1213 3146 1391 3203 quidem
1413 3147 1640 3195 videamus
1662 3161 1762 3192 eam
1787 3145 1928 3195 ratio-

244 3230 370 3274 nem,
411 3231 526 3278 quae
553 3232 750 3266 summae
772 3218 1048 3276 antiquitatis
1071 3218 1322 3267 testimonio
1353 3218 1651 3267 confirmatur.
1709 3217 1929 3266 Dicuntur

243 3287 363 3334 enim
387 3287 524 3331 animi
543 3289 684 3336 nostri
707 3291 765 3335 ab
789 3288 943 3338 inferis
965 3288 1010 3337 in
1029 3290 1224 3337 humana
1246 3300 1434 3346 corpora
1450 3287 1700 3345 transgredi
1717 3302 1770 3337 ae
1787 3287 1927 3335 veluti

231 3359 293 3404 ‘in
315 3359 470 3407 orbem
493 3373 544 3408 ex
565 3359 720 3409 inferis
740 3360 797 3407 ad
817 3374 1000 3419 superos
1029 3365 1075 3405 et
1097 3374 1125 3410 a
1153 3359 1322 3423 superis
1344 3359 1539 3409 vicissim
1571 3359 1629 3411 ad
1649 3359 1812 3408 inferos
1839 3358 1926 3402 mi-
