2040 3646
779 158 1209 211 SYMPOSIUM.
1245 114 1262 129 l
1752 168 1833 222 51

1128 292 1243 318 ³513

158 294 368 404 ’ὕβρεως
394 294 645 403 ἀμοίρου.
690 290 825 354 οθεν
857 292 929 375 δὴ
961 295 1048 355 ἐπὶ
1083 318 1146 354 το
1174 294 1340 373 αρρεν
1374 295 1659 374 τρέπονται
1686 297 1739 357 οἳ
1774 298 1834 358 ἐκ

158 381 369 442 τούτου
408 386 512 440 τοῦ
546 381 741 457 ἔρωτος
774 380 1017 452 ἔπιπνοι,
1071 377 1136 439 τὸ
1175 380 1345 458 φύσει
1378 381 1834 461 ἐρρωμενέστερον

158 469 252 526 καὶ
278 471 417 525 νοῦν
439 469 648 541 μᾶλλον
670 465 792 540 ἔχον
826 462 1148 543 ἀγαπῶντες.
1202 467 1299 524 καί
1330 487 1412 537 τις
1447 462 1515 524 &v
1546 467 1704 547 γνοίη
1738 469 1833 526 καὶ

158 552 216 611 ἐν
244 550 386 627 αὐτῇ
404 555 473 626 τῇ
492 549 846 630 παιδεραστία
878 547 1012 622 τούς
1037 551 1333 627 εἰλικρινῶς
1358 547 1476 610 ὑπὸ
1500 550 1707 612 τούτου
1726 556 1833 612 τοῦ

161 637 358 711 ε’ρωτος
385 633 755 738 ὦριιημένους.
812 656 886 692 ου
908 657 1011 711 γαρ
1038 634 1199 711 ἐρῶσι
1236 636 1448 694 παίδων
1478 633 1594 694 ἄλλ’
1615 633 1654 715 ἢ
1687 637 1909 697 ἐπει-1)

157 718 262 780 δαν
285 718 395 799 ἤδη
420 717 684 795 ἄρχωνται
718 722 858 777 νοῦν
897 720 1078 795 ἴσχειν·
1134 723 1302 777 τοῦτο
1340 720 1400 777 δὲ
1436 721 1720 799 πλησιάζει
1752 727 1831 781 τῶ

157 803 498 883 γενειάσαειν.
554 803 1054 879 παρεσκευασμένοι
1086 825 1216 881 γαρ,
1259 798 1437 879 οἶιιαι,
1480 806 1616 864 εἰσὶν
1653 807 1708 864 οἱ
1742 807 1829 866 ἐν·-

155 895 355 948 τεύθεν
381 886 669 964 αρχόμενοι
701 886 830 961 ἐρᾶν
856 884 931 959 ὥς
963 883 1066 945 τὸν.
1091 888 1213 963 βίον
1245 885 1456 947 απαντα
1481 887 1832 967 ξυνεσόμενοι

155 975 255 1033 καὶ
270 976 430 1048 κοινῇ
465 969 928 1047 συμβιωσόιιενοι,
986 967 1104 1029 αλλ’
1126 969 1234 1030 οὐκ
1264 970 1731 1054 ἐξαπατήσαντες,
1773 976 1832 1035 ἐν

156 1055 453 1136 αφροσύνῃ
485 1054 739 1132 λαβόντες
784 1078 859 1126 ως
905 1053 1056 1128 νέον,
1118 1056 1571 1134 καταγελασαντες
1614 1058 1831 1138 οἰχήσε-

156 1149 321 1213 σθαι,
364 1139 443 1200 ἐπ’
466 1138 634 1208 α’λλον
661 1137 1061 1216 οἷποτρέχοντες.
1114 1144 1252 1219 χρῆν
1287 1142 1346 1200 de
1368 1143 1462 1200 καὶ
1485 1141 1657 1219 νόμον
1695 1151 1832 1205 εἰναι

155 1224 234 1307 μὴ
261 1227 390 1306 ἐρᾶν
414 1227 652 1298 παίδων,
695 1227 782 1284 ἱνα
804 1221 880 1304 μὴ
913 1225 988 1298 εἰς
1015 1221 1222 1304 ἄδηλον
1244 1223 1425 1307 πολλὴ
1447 1225 1667 1309 σπονδὴ
1693 1227 1903 1311 ανη-Ε

214 1387 263 1436 ἐκ
286 1388 458 1435 τούτου
482 1391 567 1435 τοῦ
597 1389 790 1450 ἔρωτος]
821 1392 983 1437 Deerat
997 1393 1134 1450 vulgo
1155 1391 1366 1436 articulus
1382 1424 1396 1446 ‚
1425 1407 1556 1449 quem
1577 1408 1630 1436 ex
1654 1394 1830 1452 optimis

154 1450 279 1493 codd.
295 1449 563 1521 mrecepimuS.

213 1501 306 1550 ἀλλ’
335 1501 364 1561 ἢ
390 1503 578 1550 ἐπειδὰν
600 1501 717 1561 ἤδη]
747 1503 1130 1561 Interposuimus’
1105 1503 1140 1578 η’
1165 1508 1219 1549 de
1245 1506 1497 1549 coniectura
1519 1506 1745 1562 Stephani.

212 1559 390 1621 σπουδὴ
418 1561 712 1620 ἀνηλίσκετο]
742 1563 878 1606 Codd.
899 1564 1067 1621 aliquot
1087 1562 1392 1609 ἄναλίσκοιτο.
1432 1563 1509 1648 sed
1533 1577 1574 1608 v.
1596 1570 1746 1610 annot.

155 1705 375 1750 Aetius.
432 1703 585 1759 Neque
611 1705 865 1762 scrupulum
893 1704 964 1747 in-

158 1762 278 1815 iicit,
317 1762 450 1816 quod
488 1763 728 1805 Pausanias
757 1763 961 1818 deinceps

158 1832 258 1861 rem
308 1819 488 1862 uberius
538 1819 732 1863 illustrat
789 1820 960 1863 verbis·

157 1871 274 1920 ὅθεν
299 1872 356 1931 δὴ
379 1873 454 1919 ἐπὶ
474 1872 527 1919 τὸ
555 1872 693 1935 αῤῥεν
706 1876 963 1950 τρέπονται

157 1949 200 1976 κ.
222 1948 260 1975 τ.
285 1934 322 1975 λ.
362 1956 392 1965 -
438 1926 660 1990 ’ὕβρεως
689 1929 960 1989 ἀμοίρου.

156 1990 211 2033 Iu
233 1989 319 2031 hoc
339 1990 545 2045 asyndeto
569 1991 633 2033 nil
658 1996 724 2036 est
744 1988 859 2045 quod
880 1989 963 2032 ha-

155 2047 263 2090 beat
285 2045 594 2100 offensionem,
631 2052 683 2089 ut
704 2060 792 2089 non
815 2061 965 2090 assen-

157 2104 320 2175 tiamur
348 2104 385 2146 A
399 2118 418 2144 s
432 2103 537 2155 tio,
566 2102 642 2159 qui
662 2098 836 2161 ὕβρεώς
856 2100 894 2147 τ’
911 2120 965 2147 α-

155 2160 323 2227 μοίρου
337 2134 614 2202 scribendum
628 2166 788 2203 censet.
817 2161 963 2203 Multo

156 2217 304 2260 minus
353 2223 501 2259 autem
555 2219 791 2272 probamus
847 2217 964 2272 quod

159 2273 424 2316 Orellius
464 2273 519 2316 ad
547 2275 727 2320 Isocrat.
754 2275 807 2316 de
840 2274 966 2317 Anti—

159 2331 252 2373 dos.
277 2346 319 2386 p.
343 2330 442 2374 326.
466 2330 701 2387 legendum
724 2331 965 2387 proposuit,

157 2383 331 2488 &32⁶3ss
350 2384 562 2488 ἷέἰΐὲἕὲἒῗ
583 2388 793 2487 εέιξῖἷῗέἕ
814 2389 964 2488 ἔ.ἓὲ“ἓ

156 2500 401 2568 petulantia
430 2507 473 2544 et
491 2501 676 2544 libidine
706 2502 814 2555 illa,
850 2515 964 2557 quae

157 2558 316 2600 Veneri
351 2558 630 2626 vulgivagae
663 2559 843 2614 propria
890 2559 962 2602 sit.

157 2615 283 2658 Haec
303 2614 420 2656 enim
441 2620 572 2658 antea
588 2615 815 2659 dicebatur
838 2616 963 2670 μετέ-

156 2686 254 2744 χειν
293 2668 342 2714 ἐν
372 2672 429 2730 τῇ
465 2672 634 2727 γενέσει
677 2673 756 2717 καὶ
792 2671 964 2730 θήλεος

155 2727 235 2772 καὶ
261 2717 464 2796 αῤῥενος.

215 2786 270 2828 D.
317 2786 454 2829 τοῦτο
485 2783 534 2841 δὲ
565 2783 800 2842 πλησιάζει
822 2803 863 2831 τ.
885 2802 924 2842 γ.
942 2786 962 2844 ]

156 2843 223 2887 Ne
248 2843 333 2885 hoc
368 2832 544 2897 quidem
563 2844 852 2888 Pausaniae'
838 2859 965 2901 mge-

155 2900 231 2942 ιιίο
252 2899 482 2955 indignum
502 2905 588 2951 est,
626 2901 742 2955 quod
772 2906 964 2969 aetatem

156 2955 284 2998 illam
317 2957 659 3000 adolescentium
704 2958 963 3014 diligentius

157 3011 349 3068 indicat,
401 3027 487 3068 qua
507 3014 761 3084 perveniant
792 3016 847 3057 ad
867 3029 963 3058 ma-

158 3069 384 3112 turitatem
418 3071 638 3125 quandam
667 3086 732 3115 ra
730 3071 878 3124 ionis,
918 3076 963 3115 et

155 3140 245 3181 qua
267 3126 356 3169 iam
379 3127 509 3170 liceat
541 3127 659 3170 veris
689 3128 804 3181 illis,
851 3143 961 3184 quos

158 3182 280 3235 dicit,
309 3185 578 3227 amatoribus
597 3199 751 3228 eorum
773 3185 840 3228 uti
858 3200 963 3228 eon-

158 3240 399 3283 suetudine.
427 3241 648 3284 Nimirum
664 3243 873 3297 pubertas
897 3246 964 3286 est

155 3290 187 3350 ἥ
219 3312 245 3351 η
271 3296 557 3355 χαριεστάτη,
587 3303 636 3342 ut
653 3298 717 3342 ait
741 3300 960 3343 Homer.

204 3352 326 3422 dyss3
346 3355 401 3396 X.
426 3369 466 3397 v.
483 3354 582 3398 279.

209 3406 260 3455 ἐν
296 3405 539 3470 ἀφροσύνη
567 3407 807 3471 λαβόντες]
852 3411 962 3457 Sen-

1026 1704 1166 1750 tentia
1181 1705 1296 1749 haec
1313 1710 1396 1749 est.
1433 1718 1553 1750 nam
1580 1705 1679 1763 qui
1704 1705 1832 1750 inde

1025 1765 1095 1807 ab
1123 1764 1226 1807 hoc
1254 1768 1508 1830 tempore
1535 1778 1726 1808 amare
1753 1764 1832 1806 in-

1027 1821 1286 1877 cipiunt,
1334 1819 1378 1864 ii
1406 1835 1463 1865 se
1491 1821 1573 1863 ita
1601 1835 1831 1876 compa-

1025 1881 1342 1928 ravel-unt,
1397 1882 1458 1919 ut
1502 1877 1687 1919 velint
1735 1892 1832 1933 per

1024 1929 1201 1975 totam
1239 1932 1413 1975 vitam
1453 1947 1573 1975 cum
1609 1935 1832 1977 amasio

1027 2003 1130 2033 suo
1185 1990 1440 2042 vei-sali,
1493 2005 1600 2033 non
1660 2005 1832 2045 quum

1028 2060 1179 2098 eum,
1208 2047 1409 2103 quippe
1439 2061 1597 2101 quem
1626 2048 1833 2117 dep-re-

1026 2103 1343 2145 henderint
1384 2105 1673 2157 iuvenem,
1727 2105 1835 2149 im-

1027 2159 1278 2216 peritum
1307 2165 1358 2203 et
1385 2161 1831 2216 imprudentem,

1027 2217 1360 2260 fefellerint
1386 2231 1450 2260 ac
1479 2218 1832 2274 deceperint,

1029 2287 1150 2315 cum
1191 2273 1309 2316 risu
1347 2280 1402 2316 et
1443 2280 1738 2318 contemtu
1767 2277 1833 2319 ad

1028 2330 1205 2373 alium
1233 2331 1522 2387 aufugere.
1573 2333 1836 2390 Participio-

1026 2401 1128 2430 rum
1154 2388 1393 2430 cumulatio
1429 2387 1600 2442 effecit,
1637 2394 1688 2432 ut
1710 2392 1835 2433 locus

1028 2459 1116 2486 non
1139 2450 1259 2487 reete
1283 2444 1620 2513 intelligeretur3
1659 2447 1836 2489 Tenen·

1028 2501 1135 2543 dum
1173 2502 1312 2571 igitur
1354 2497 1491 2545 verba
1516 2499 1565 2545 ἐν
1589 2497 1834 2561 αφροσύνῃ

1028 2555 1242 2616 λαβόντες
1278 2574 1339 2609 ως
1370 2557 1476 2602 νέον
1521 2564 1640 2602 arcte
1675 2561 1836 2604 cohae-

1005 2629 1126 2658 rere
1166 2630 1267 2658 cum
1300 2615 1575 2671 praecedenti
1613 2611 1698 2662 οὐκ
1734 2615 1835 2671 ἐξα-

1028 2670 1332 2739 πατήσαντες
1346 2673 1474 2727 eique
1503 2673 1757 2729 explicando
1789 2680 1835 2719 et

1027 2729 1289 2773 illustrando
1319 2728 1558 2782 inservire,
1577 2732 1836 2801 ,eademque

1028 2787 1200 2830 ratione
1267 2780 1334 2829 ἐπ’
1377 2783 1515 2830 αλλον
1559 2782 1835 2847 ἀποτρέχον-

1027 2859 1102 2894 τες
1168 2844 1512 2887 connectendum
1571 2857 1667 2888 esse
1731 2858 1835 2888 cum

1027 2900 1178 2945 verbis
1228 2899 1614 2955 καταγελάσαντες
1661 2901 1710 2946 οἰ
1706 2898 1836 2958 χήσε-

1003 2960 1157 3001 σθαι.
1197 2972 1238 3000 v.
1270 2957 1326 3001 ad
1354 2957 1662 3013 Euthyphron.
1691 2973 1732 3014 p
1758 2960 1832 3005 27.

1027 3019 1073 3057 et
1110 3015 1167 3058 ad
1201 3013 1368 3057 Criton.
1418 3012 1556 3069 p.50
1582 3015 1634 3058 A.
1657 3029 1714 3083 p.
1734 3015 1834 3083 129.

1025 3071 1160 3114 huius
1175 3071 1277 3114 edit.
1308 3071 1514 3113 Ceterum
1534 3071 1708 3114 transiit
1728 3072 1838 3114 scri·
1863 3109 1873 3121 .

1027 3133 1127 3184 ptor
1150 3142 1178 3172 a
1202 3127 1434 3183 participio
1461 3142 1573 3177 ως-
1706 3125 1836 3183 σόμε-

1027 3200 1104 3228 νοι
1126 3198 1166 3228 κ.
1190 3200 1231 3227 κ.
1270 3181 1642 3243 συμβιωσόμενῳ
1738 3185 1840 3229 infi—

1027 3241 1237 3284 nitivum.
1289 3255 1402 3296 quae
1431 3245 1578 3285 constr
1651 3293 1671 3306 ,
1700 3241 1847 3285 nihil·

1026 3298 1164 3342 habet
1181 3297 1454 3342 insolentiae.

1083 3357 1136 3399 E.
1177 3353 1254 3398 ἵνα
1276 3351 1338 3410 μὴ
1365 3355 1430 3404 εἰς
1451 3349 1524 3398 ἅδ.
1553 3375 1582 3387 -
1606 3345 1665 3398 αν
1666 3353 1839 3410 ἡλίσκε-

1026 3410 1112 3469 το]
1154 3411 1326 3456 Indicat
1356 3411 1556 3457 accidere
1585 3411 1752 3466 solere,
1788 3416 1840 3456 ut

1231 3472 1336 3527 4*

1939 924 2018 973 ,Ὦ
