2040 3646
679 603 1240 677 PRAEFATIO

230 706 1011 886 nomem?
1064 716 1709 866 sociamus,¹

114 1050 257 1107 Plato
291 1054 339 1104 in
369 1061 458 1104 hoe
495 1055 615 1106 libro
651 1056 880 1107 Socratem
904 1059 952 1109 in
977 1055 1145 1109 iudicio
1171 1061 1326 1123 capitis
1348 1077 1527 1112 eausam
1550 1083 1676 1113 suam
1694 1066 1801 1116 'facit

108 1140 175 1184 ita
191 1137 410 1181 dicentem
428 1170 442 1191 ‚
485 1138 535 1176 ut
565 1149 654 1177 non
677 1136 823 1178 solum
852 1135 1179 1180 criminationes
1208 1140 1265 1182 ab
1291 1139 1556 1184 adversariis
1583 1140 1630 1183 in
1653 1142 1801 1198 ipsum

110 1209 333 1253 coniectas
356 1204 531 1248 refellat
549 1219 602 1248 ac
627 1205 794 1258 diluat,
824 1207 900 1249 sed
919 1202 1054 1251 etiam
1077 1218 1250 1252 summa
1269 1219 1371 1252 cum
1392 1206 1531 1254 animi
1555 1210 1801 1258 constantia

109 1286 154 1324 et
177 1277 434 1324 fortitudine
454 1275 715 1333 dignitatem
735 1289 862 1319 suam
889 1279 1078 1335 tueatur,
1108 1275 1196 1321 hoc
1221 1283 1286 1322 est
1310 1292 1409 1324 eam
1430 1283 1647 1326 sentiendi
1664 1298 1801 1340 agen-

109 1351 240 1407 dique
259 1349 503 1399 rationem,
533 1359 645 1402 quae
671 1347 879 1391 humanis
903 1351 1036 1391 rebus
1062 1351 1292 1394 contemtis
1320 1352 1449 1395 unice
1479 1349 1593 1395 illud
1618 1358 1802 1410 spectat,

108 1418 228 1477 quod
249 1419 533 1463 coniunctum
551 1423 619 1461 est
639 1430 742 1462 cum
771 1420 980 1475 veritate,
1011 1421 1251 1476 sapientia,
1281 1421 1458 1478 virtute.
1516 1418 1669 1478 Neque
1694 1438 1800 1468 vero

108 1488 362 1543 existimare
398 1489 505 1532 licet
536 1490 652 1532 hanc
681 1490 822 1545 ipsam
855 1490 1101 1533 orationem
1124 1506 1174 1534 re
1194 1502 1300 1535 'vera
1318 1507 1345 1535 a
1368 1493 1550 1536 Socrate
1568 1489 1615 1536 in
1634 1490 1800 1538 iudicio

107 1563 311 1606 habitam
337 1572 456 1603 esse:
522 1570 778 1615 quanquam
805 1557 934 1604 video
975 1562 1122 1604 virum
1160 1557 1420 1619 egregium,
1459 1564 1536 1619 qui
1566 1561 1800 1611 Platonem

109 1631 373 1678 Germanice
407 1633 663 1686 loquentem
697 1629 828 1684 fecit,
873 1632 982 1688 opp.
1015 1629 1185 1676 Platon.
1215 1635 1309 1676 Vol.
1337 1635 1372 1676 I.
1397 1630 1448 1677 P.
1471 1633 1527 1678 11.
1552 1624 1594 1691 Ρ
1623 1635 1719 1681 185.
1741 1639 1815 1691 31)Υ

105 1715 161 1750 ea
182 1703 398 1748 sententia
414 1702 537 1744 haud
559 1713 663 1745 sane
682 1702 872 1744 multum
904 1705 1059 1745 abesse
1073 1699 1131 1758 ¹);
1190 1704 1367 1747 Etenim
1397 1719 1485 1748 non
1518 1706 1804 1753 videtui-‘Soa

107 1781 250 1820 crates
260 1784 414 1818 eoram
425 1770 645 1816 iudicibus
654 1768 788 1815 huius
803 1768 923 1816 modi
948 1773 1158 1827 oratione,
1186 1775 1273 1817 hoc
1292 1780 1358 1818 est
1378 1774 1603 1820 elaborata
1630 1782 1674 1820 et
1697 1783 1799 1835 apte

107 1846 356 1903 composita*
376 1859 482 1887 usus
513 1855 635 1897 esse,
665 1845 844 1900 qualem
867 1841 1074 1901 exigebat
1095 1856 1191 1889 'mos
1221 1851 1266 1890 et
1299 1847 1569 1890 consuetudo
1597 1848 1800 1904 sorensis,

107 1913 184 1962 sed
203 1915 434 1974 probabile
454 1919 519 1958 est
537 1925 638 1957 eum
658 1915 791 1957 ctiam
815 1916 901 1958 hae
927 1920 1186 1972 tempestate
1200 1950 1211 1969 ‚
1251 1921 1463 1972 quantum
1485 1914 1584 1961 fieri
1609 1924 1799 1974 poterat,

107 1986 342 2031 retinuisse
365 1987 493 2029 illam
515 1982 759 2028 disserendi
780 1986 1021 2040 rationem,
1057 1999 1145 2043 qua
1168 2001 1274 2030 usus
1301 1993 1398 2031 erat
1431 2003 1510 2045 per
1534 2000 1709 2032 omnem
1727 2006 1800 2032 ree-

105 2054 277 2115 liquam
306 2055 469 2109 vitam,
516 2061 634 2099 certe
668 2071 755 2098 non
789 2058 981 2100 multum
1013 2057 1068 2102 ab
1102 2069 1154 2101 ea
1192 2055 1434 2101 deflexisse.
1495 2060 1670 2116 Quippe
1708 2072 1799 2104 non

105 2130 238 2172 'modo
258 2128 441 2183 supplex
464 2124 687 2170 iudicibus
711 2137 804 2169 esse
830 2128 996 2180 noluit,
1037 2130 1113 2175 sed
1134 2141 1189 2172 ne
1209 2130 1405 2184 ornatius
1420 2129 1598 2184 quidem
1619 2144 1798 2175 causam

105 2201 253 2243 (licere
275 2213 417 2250 suam,
446 2208 580 2253 quam
603 2198 790 2254 simplex
809 2199 925 2241 ratio
935 2196 1131 2242 veritatis
1147 2201 1328 2243 ferebat.
1360 2199 1582 2255 Quocirca
1604 2212 1739 2256 quum
1755 2202 1818 2246 ei·

105 2270 317 2326 scriptam
339 2269 586 2311 orationem
607 2263 922 2312 disertissimus
952 2274 1099 2313 orator
1121 2266 1276 2327 Lysias
1301 2266 1540 2323 attulisset,
1571 2281 1729 2326 quam,
1757 2272 1799 2317 si

0 2383 7 2399 ‚l
109 2341 153 2384 ei
178 2338 424 2392 videretur,
453 2340 694 2392 edisceret,
735 2344 785 2382 ut
805 2354 858 2382 ea
881 2353 960 2396 pro
987 2354 1033 2383 se
1053 2340 1100 2383 in
1120 2338 1284 2383 iudicio
1307 2344 1527 2393 uteretur3
1567 2357 1654 2385 non
1679 2343 1799 2386 invia

0 2416 14 2473 ξ
105 2414 178 2456 tus
199 2406 312 2468 legit
337 2413 380 2453 et
409 2410 640 2453 commode
662 2410 870 2466 scriptam
893 2426 988 2454 esse
1017 2410 1154 2465 dixit,
1193 2409 1269 2456 scd
1295 2409 1361 2453 uti
1379 2411 1475 2468 illas
1489 2413 1632 2455 noluit
1649 2446 1661 2466 ‚
1691 2415 1797 2469 quia

33 2509 37 2513 >
104 2493 265 2540 parum
280 2479 406 2525 fortis
430 2495 483 2525 ac
518 2481 660 2525 virilis
683 2480 907 2524 videretur
925 2483 983 2537 ⁹).
1042 2483 1196 2538 Itaque
1222 2494 1357 2538 quum
1380 2493 1521 2537 neque
1545 2495 1598 2526 eo
1619 2480 1796 2528 dicendi

107 2563 271 2611 genere
291 2562 395 2594 usus
417 2557 556 2606 esset,
585 2554 702 2608 quod
722 2550 766 2595 in
791 2550 966 2595 iudiciis
992 2555 1230 2610 regnabat,
1271 2558 1315 2596 et
1345 2552 1533 2596 liberius
1570 2552 1796 2597 acerbius⁶

0 2630 11 2665 ἕ
107 2637 194 2681 que
220 2624 421 2676 dixisset,
451 2634 588 2679 quam
606 2625 739 2673 ferret
758 2623 954 2665 iudicum
970 2626 1044 2666 vel
1063 2625 1240 2667 inscitia
1262 2625 1335 2666 'vel
1357 2624 1588 2679 superbia,
1627 2626 1795 2668 factum

2 2687 3 2692 ¹
106 2700 199 2748 est,
235 2697 286 2737 ut
306 2694 374 2737 vir
398 2689 744 2749 sapientissimus
760 2726 773 2746 ,
811 2709 897 2749 quo
929 2709 1056 2737 nemo
1079 2710 1219 2750 neque
1246 2694 1464 2751 integrior
1491 2700 1586 2738 erat
1614 2695 1660 2738 in
1687 2695 1795 2740 civi-

106 2768 218 2817 tate,
248 2779 392 2820 neque
407 2761 597 2808 sanctior
611 2794 624 2818 ‚
662 2760 819 2821 capitis
842 2765 1207 2810 condemnaretur
1221 2763 1280 2822 3).

164 2926 212 2986 ²)
241 2930 433 2973 »Nichts
456 2929 516 2972 ist
537 2925 750 2973 demnacli
776 2926 1199 2974 wahrscheinlic'her
1214 2956 1227 2982 ς
1282 2923 1347 2972 als
1386 2925 1480 2973 ‹ial‘s
1502 2929 1587 2972 wir
1609 2941 1665 2972 an
1700 2925 1794 2973 diea

275 3000 349 3031 ser
370 2987 495 3030 Rede
511 3001 596 3041 von
615 2987 692 3030 der
712 2986 973 3030 wirklichen
995 2987 1348 3042 Vcrtheidigung
1373 2986 1447 3028 des
1469 2987 1670 3029 Socrates
1693 2987 1793 3029 eine

275 3059 326 3087 so
348 3046 473 3100 treue
500 3040 783 3087 Nachschrift
807 3054 886 3087 aus
907 3046 984 3100 der
1007 3043 1291 3099 Erinnerung
1310 3045 1472 3096 haben,
1503 3044 1568 3086 als
1594 3044 1668 3086 bei
1692 3045 1794 3094 dem

276 3101 469 3158 gefibten
493 3099 785 3158 chff'ichtnil's·
810 3102 885 3143 des
911 3103 1070 3144 Platon
1100 3101 1188 3158 und
1212 3101 1311 3142 dem
1338 3100 1678 3156 nothwendigen
1700 3101 1794 3142 Un-

275 3158 522 3209 terschiede
556 3159 633 3201 der
669 3159 1016 3215 geschriebenen
1047 3157 1172 3214 Rede
1198 3167 1283 3200 von
1318 3157 1396 3198 der
1426 3154 1682 3213 nachlfissig
1713 3171 1795 3213 ge—

272 3216 545 3271 sprochenen
571 3229 656 3258 nur
673 3212 874 3271 iniiglich
901 3225 1038 3259 wan&
1098 3216 1129 3258 S
1140 3211 1204 3257 ch
1219 3215 1235 3256 l
1251 3214 1297 3256 ei
1308 3225 1332 3256 e
1343 3228 1420 3255 rm
1432 3228 1458 3255 a
1471 3214 1534 3256 ch
1547 3228 1640 3255 eru
1653 3229 1674 3255 s
1701 3215 1729 3256 l.
1752 3224 1791 3254 e.

163 3289 209 3348 ’³
235 3290 579 3408 *mss
595 3291 982 3395 sess-1523
1080 3290 1229 3394 {3¹55}
1238 3289 1438 3392 {me
1457 3295 1629 3391 sss

0 3398 49 3619 x
159 3420 206 3484 ³)
244 3426 312 3471 De
349 3438 481 3477 caus
496 3440 525 3477 a
562 3424 822 3478 Socratis
849 3424 980 3478 «loeta
1014 3430 1156 3477 exstat
1184 3424 1422 3546 ‹iisautatio
1460 3420 1544 3485 Ty
1559 3419 1791 3470 ohsenn
