2040 3646
129 639 208 696 73

254 153 321 208 76
914 149 1270 203 PLATONIS

255 286 425 358 ἐστιν,
466 281 534 346 ὃν
560 281 636 344 συ
666 285 868 360 ειωθας
900 284 1057 364 θαμὰ
1080 286 1290 366 λέγειν,
1333 284 1418 348 ὅτι
1445 287 1576 370 ἡιιΐν
1605 287 1644 370 ἡ
1681 290 1926 373 μάθησις

253 369 361 429 οὐκ
384 367 519 429 ολλο
544 391 596 428 τι
620 366 659 450 η’
682 369 982 451 ανάμνησις
1003 371 1251 450 τυγχάνει
1273 361 1449 447 οὖσα,
1489 375 1582 433 καὶ
1614 374 1751 435 κατα
1788 384 1926 436 τοῦ-

252 477 350 515 τον
371 452 579 534 ἀνάγκη
602 473 719 515 που
741 454 885 536 ἡμᾶς
908 457 965 516 ἐν
989 457 1236 541 προτέρῳ
1261 459 1364 516 τινὶ
1398 457 1577 563 χρόνῳ
1611 461 1924 564 μειιαθηκὲ-

251 563 342 601 ναι
378 536 414 598 ἃ
446 544 554 599 νῦν
591 537 1127 645 οἷναιιιιννησκόμεθα.
1221 547 1388 601 τοῦτο
1423 543 1484 602 δὲ
1530 518 1834 618 αδύνατον,
1877 546 1925 605 εἰ

249 623 327 705 ’μὴ
363 614 433 705 ἦν
455 643 574 684 που
595 622 751 704 ἡιιῶν
784 623 823 705 ἡ
859 623 1016 706 ψυχὴ
1057 626 1189 704 πρὶν
1222 626 1279 686 ἐν
1315 630 1452 710 τῶδε
1483 632 1562 686 τῶ
1593 625 1925 737 ανθρωπίνῳ

249 712 377 770 εἴδει
407 709 680 789 γενέσθαι·
762 707 910 814 ὥςτες
929 713 1023 770 καὶ
1068 709 1241 788 ταύτῃ
1274 686 1556 772 ἀθάνατόν
1589 734 1643 771 τι
1678 713 1851 774 ἔοικεν
1884 712 1924 795 ἡ

246 791 401 875 ψυχὴ
421 802 572 854 εἰναι.
655 792 792 854 Ἀλλ’
806 839 823 868 ,
866 795 910 855 ὠ
937 795 1150 876 Κέβης,
1206 797 1314 876 ε’φη
1347 793 1381 856 ὃ
1415 797 1656 873 Σιμμίας
1702 795 1922 858 ὑπολα-

244 879 387 957 βών,
428 885 581 939 ποῖαι
620 878 832 940 τούτων
871 880 928 940 αἱ
978 878 1314 954 αποδείξεις;
1353 878 1680 961 ὑπόιινησόν
1711 904 1793 960 με·
1847 906 1923 943 ου

243 962 348 1044 γὰρ
376 963 599 1043 σφόδρα
635 964 692 1025 ἐν
739 969 817 1047 τῷ
847 963 1076 1042 παρόντι
1109 966 1395 1045 μείινημαι.
1462 963 1592 1025 ,Ἑνὶ
1629 968 1727 1043 μὲν
1753 965 1917 1051 λόγῳ,

244 1050 353 1130 ἔφη
377 1046 409 1108 ὃ
436 1049 652 1128 Κέβης,
692 1050 992 1132 καλλίστῳ,
1036 1047 1117 1109 ὅτι
1158 1024 1485 1128 ἐρωτώμενοι
1522 1052 1578 1110 οὶ
1613 1048 1919 1131 ανθρωποι,

242 1133 337 1194 ἐάν
364 1156 446 1206 τις
465 1138 647 1206 καλῶς
669 1134 866 1216 ἐρωτᾷ,
910 1109 1070 1193 αὐτοὶ
1090 1134 1313 1212 λέγουσι
1349 1134 1526 1194 πάντα
1547 1159 1584 1212 η
1609 1135 1757 1218 εχει·
1792 1137 1917 1195 καί-

241 1242 325 1278 τοι
351 1220 399 1278 εἰ
433 1216 508 1298 μὴ
537 1217 823 1296 ἐτύγχανεν
860 1217 1052 1291 αὐτοῖς
1079 1218 1346 1299 ἐπιστήμη
1383 1220 1587 1279 ἐνοῦσα
1612 1221 1707 1278 καὶ
1743 1202 1919 1296 ὀρθὸς

238 1303 419 1382 λόγος,
462 1326 570 1364 ουκ
597 1300 665 1363 οἶν
689 1300 799 1362 οἶοί
821 1300 866 1362 τ’
889 1293 1034 1383 ἦσαν
1054 1309 1219 1362 τοῦτο
1246 1311 1435 1363 ποιεῖν.

1520 1303 1699 1363 επειτα
1721 1303 1815 1364 ἐάν
1835 1329 1917 1379 τις

148 1400 196 1453 Β
238 1389 325 1448 ἐπὶ
349 1387 417 1448 τοὶ
442 1385 871 1467 διαγράμματα’
845 1386 950 1467 α’γῃ
971 1384 1011 1469 ἢ
1037 1385 1172 1448 αλλο
1193 1411 1244 1447 τι
1266 1393 1375 1449 τῶν
1397 1386 1679 1461 τοιούτων,
1722 1389 1916 1449 ἐνταῦ-

235 1479 318 1533 θα
341 1473 658 1552 σαφέστατα
681 1479 1007 1553 κατηγορεῖ,
1051 1469 1135 1532 ὅτι
1165 1477 1331 1534 τοῦτο
1392 1469 1572 1546 οὕτως
1612 1473 1730 1552 ἔχει.

1839 1475 1919 1535 Εἰ

291 1641 396 1697 Cap.
426 1640 584 1684 XVIII.
640 1638 722 1685 καὶ
747 1634 868 1684 κατὰ
886 1641 1087 1695 τοῦτον]
1117 1639 1193 1683 Sic
1212 1638 1340 1684 Bodl.
1362 1638 1482 1683 Tub.
1502 1638 1599 1683 Vat.
1628 1638 1721 1684 alii.
1769 1640 1915 1698 Vulgo

231 1698 388 1743 τοῦτο.

289 1774 340 1819 αὶ
370 1769 654 1831 ἀποδείξεις]
685 1774 893 1832 Stephan.
935 1773 1071 1820 ποῖαί
1102 1773 1190 1819 εἰσι
1217 1770 1398 1820 τούτων
1425 1771 1477 1818 αἱ
1509 1768 1588 1818 ἀπ.
1619 1776 1772 1820 contra
1790 1774 1915 1819 codi-

234 1846 338 1876 cum
363 1834 510 1879 fidem.

231 1973 521 2017 demonstrari
564 1972 702 2030 possit
757 1973 956 2017 animum
990 1973 1037 2016 in

227 2031 316 2074 hoc
337 2046 496 2087 corpus
517 2032 716 2075 attulisse
743 2045 894 2074 rerum
924 2030 1039 2074 noti-

225 2089 311 2132 tias
329 2088 518 2144 ideoque
536 2089 747 2146 viguisse,
781 2089 1040 2144 priusquam

225 2146 363 2189 homo
385 2153 651 2190 nasceretur.
716 2147 842 2188 Unde
871 2145 909 2188 si
933 2159 1041 2188 vera

229 2210 331 2247 sunt
367 2218 479 2259 quae
498 2205 552 2246 de
584 2207 738 2247 mutua
763 2217 914 2245 rerum
935 2217 1038 2244 con-

226 2260 468 2304 trariarum
517 2261 692 2317 origine
750 2260 1040 2316 disputarunt,

225 2323 383 2373 sponte
404 2318 686 2373 consequitur
706 2318 905 2360 animum
938 2330 1034 2360 esse

226 2375 538 2418 immortalem.
607 2377 665 2417 Et
695 2374 829 2416 huius
861 2373 1039 2430 quidem

221 2433 410 2476 rationis
445 2433 648 2475 Socrates
677 2432 878 2486 deinceps
908 2445 1038 2473 accu-

225 2490 439 2532 rationem
461 2489 651 2531 instituit
680 2488 1032 2557 disputationem.

281 2562 360 2590 και
379 2543 496 2590 κατὰ
519 2547 686 2590 τοῦτον
715 2562 786 2590 αν.
797 2546 816 2601 ]
850 2547 1036 2599 Propter

221 2602 472 2659 longiorem
502 2603 713 2646 orationis
747 2601 1036 2657 intercapedi-

217 2675 327 2704 ¹nem
365 2660 550 2703 iteratur
587 2661 704 2729 quod
743 2660 893 2727 paullo
933 2663 1034 2701 ante

179 2733 185 2739 ’
224 2717 419 2771 dixerat,
447 2717 525 2761 καὶ
561 2713 860 2761 κατζέκεῖνόν
879 2730 928 2771 γε
949 2711 1033 2759 τὸν

222 2771 374 2828 λόγον.
423 2777 577 2831 Itaque
598 2775 716 2818 male
735 2774 871 2830 vulgo
889 2773 1029 2818 τοῦτο

221 2831 510 2876 scribebatur.

278 2889 331 2931 P.
354 2888 425 2932 73.
466 2885 540 2933 ὅτι
561 2884 845 2946 ἐρωτώμενοι
872 2885 918 2931 οἱ
951 2881 1030 2930 ‹ilv-

220 2947 448 3003 θρωποι-
422 2949 482 2999 -]
521 2947 613 2988 Res
635 2951 739 2989 nota
761 2949 828 2988 est
852 2959 904 2987 ex
930 2944 1029 2986 Me-

221 3017 387 3057 nonep
391 3002 500 3046 ..81
531 3004 582 3046 Β
615 3017 663 3057 sq
638 3018 708 3058 qq.
765 3001 955 3044 Phaedr.
985 3015 1028 3055 p.

205 3018 1027 3104 mac,Ciceron.Tuscul.1.

218 3115 289 3158 24.
321 3117 376 3159 ad
406 3131 537 3171 quem
569 3117 719 3158 locum
750 3114 1026 3157 Davisius

217 3186 292 3213 rc(
296 3173 436 3215 ensuit
447 3180 590 3228 patres
602 3171 936 3223 ecclesiasticos,
949 3170 1027 3225 qui

217 3229 334 3271 hanc
376 3229 574 3272 Platonis
606 3230 871 3272 sententiam
906 3228 1027 3271 refu-

215 3293 312 3328 tare
330 3286 601 3329 stndueiint.⁴

271 3343 324 3385 B.
370 3340 527 3386 ἔπειτα
563 3340 645 3386 ἐάν
676 3342 820 3399 τις-]
863 3342 1027 3384 Corru—

214 3405 340 3457 ptum
359 3414 455 3445 esse
484 3400 602 3446 istud
642 3397 801 3447 ἔπειτα
834 3398 1028 3446 dubitari

1101 1983 1188 2017 non
1208 1976 1363 2030 potest.
1431 1971 1585 2028 Neque
1611 1970 1729 2015 enim
1747 1983 1912 2017 novum

1102 2032 1281 2087 aliquod
1294 2035 1606 2099 argumentum
1624 2029 1813 2082 additur,
1833 2030 1909 2073 sed

1101 2104 1173 2132 res
1192 2093 1320 2133 antea
1341 2087 1492 2143 paucis
1515 2085 1605 2140 (ἑνὶ
1624 2084 1758 2143 λόγῳ)
1780 2101 1913 2142 expo-

1104 2146 1188 2188 sita
1219 2146 1418 2200 exemplo
1455 2142 1604 2199 aliquo
1645 2143 1909 2188 illustratur.

1103 2202 1325 2258 Quocirca
1338 2201 1456 2244 haud
1471 2200 1562 2242 scio
1582 2214 1639 2243 an
1656 2215 1758 2243 cum
1769 2200 1908 2244 Hein-

1102 2259 1241 2303 dorfio
1279 2257 1589 2314 corrigendmn
1619 2257 1676 2299 sit
1698 2255 1800 2301 ἐπεί
1817 2273 1906 2303 τοι.

1099 2317 1152 2360 In
1165 2316 1289 2359 codd.
1304 2322 1453 2359 tamen
1463 2328 1567 2358 mss.
1585 2315 1757 2357 nullum
1770 2317 1909 2358 exstat

1099 2373 1297 2416 melioris
1317 2371 1519 2415 lectionis
1537 2370 1787 2426 vestigium.
1814 2372 1908 2413 Re-

1100 2430 1212 2486 spici
1237 2436 1385 2472 autem
1406 2428 1579 2470 videtur
1612 2428 1668 2470 ad
1699 2427 1906 2494 Moenonis

1098 2488 1249 2530 locum
1272 2502 1314 2542 p.
1340 2485 1395 2528 81
1427 2499 1519 2539 sqq.
1586 2483 1657 2526 Ibi
1683 2483 1801 2526 enim
1823 2484 1907 2527 So-

1100 2551 1241 2586 crates
1276 2542 1506 2603 pusionem
1533 2541 1750 2596 quendam
1797 2555 1908 2596 geo-

1098 2601 1283 2644 metrica
1315 2597 1530 2654 quaedam
1556 2598 1610 2639 de
1635 2597 1907 2642 dimensione

1099 2656 1301 2714 quadrati
1318 2657 1585 2711 interrogat,
1612 2655 1669 2698 ad
1699 2669 1812 2710 quae
1838 2655 1904 2699 sie

1095 2715 1175 2759 ille
1199 2713 1443 2779 respondet,
1462 2719 1513 2755 ut
1531 2725 1662 2767 puer:
1691 2718 1735 2754 et
1754 2717 1903 2755 tamen

1094 2771 1159 2814 ita
1191 2771 1341 2814 faciles
1383 2768 1751 2824 interrogationes
1786 2774 1904 2823 sunt,

1095 2834 1147 2871 ut
1181 2826 1401 2894 gradatim
1426 2826 1693 2881 respondens
1721 2840 1775 2868 eo
1802 2840 1904 2881 per-

1092 2885 1268 2938 veniat,
1311 2897 1397 2939 quo
1427 2882 1466 2926 si
1495 2883 1765 2938 geometrica
1788 2883 1903 2926 ‹lidi-

1093 2942 1237 2985 cisset.
1293 2942 1359 2984 Ex
1378 2954 1464 2995 quo
1490 2939 1611 2981 effici
1631 2940 1726 2983 vult
1741 2940 1902 2982 Socra-

1093 3004 1182 3051 tes,
1211 3001 1260 3040 ut
1284 2998 1453 3040 discere
1475 2996 1590 3040 nihil
1610 2997 1733 3040 aliud
1754 2996 1812 3040 sit
1829 2996 1900 3040 ai·

1093 3056 1131 3101 si
1157 3054 1396 3100 recordari.

1146 3114 1423 3183 κατηγορεῖ]
1482 3109 1761 3165 ostendit,
1801 3123 1898 3166 ap·

1088 3176 1274 3227 paret.
1342 3170 1456 3213 Nam
1478 3169 1652 3211 widetur
1682 3168 1769 3209 hoc
1798 3181 1901 3209 ver-

1089 3229 1200 3271 bum
1222 3227 1314 3270 1ι.1.
1336 3225 1689 3282 impersonaliter
1707 3223 1898 3290 positum

1092 3298 1202 3337 esse,
1234 3289 1283 3326 ut
1313 3285 1457 3339 δηλοῖ,
1489 3282 1639 3334 δείξει,
1669 3280 1770 3325 alia.
1800 3279 1897 3323 Nisi

1090 3343 1203 3384 forte
1220 3341 1430 3385 malueris
1439 3319 1697 3408 intelligere
1719 3333 1744 3380 ὁ
1773 3331 1898 3391 ἄγων

1091 3396 1168 3445 ἐπὶ
1195 3396 1254 3444 τὰ
1286 3393 1625 3457 διαγράμματα.
1691 3394 1897 3439 Ceterum
