2040 3646
275 154 379 211 138
926 116 1311 213 'PLA‘roNis

192 285 254 349 D
278 276 499 362 ὁτιοῦν,
551 284 595 369 ἢ
627 284 713 350 ὅτι
732 285 940 370 ’ἀρῶμα
974 289 1212 369 εὐανθὲς
1236 297 1388 376 ἔχον,
1441 299 1487 383 «ἢ
1509 311 1718 385 σχῆμα,
1758 306 1800 390 ἢ
1824 309 1963 372 ἄλλο

274 372 470 434 ὁτιοῦν
487 377 597 433 τῶν
619 374 912 451 τοιούτων,
952 377 1022 437 τοὶ
1044 383 1142 456 μὲν
1165 380 1304 443 ἄλλα
1327 386 1534 464 χαίρειν
1561 390 1631 449 ἐῶ
1642 435 1657 463 ,
1699 395 1960 473 vaccino*

272 483 372 536 μαι
394 455 499 538 γὰρ
536 459 593 519 ἐν
624 467 740 535 τοῖς
764 459 957 536 ἄλλοις
991 471 1155 539 πᾶσι,
1207 474 1376 528 τοῦτο
1410 474 1470 531 δὲ
1505 471 1693 549 ἁπλῶς
1717 482 1812 538 καὶ
1837 479 1960 541 οῗτέ-

271 568 414 622 χνως
445 545 539 603 καὶ
578 546 710 619 ἴσως
747 545 971 628 εὐήθως
1003 552 1104 627 ἔχω
1141 552 1271 631 παρ’
1292 554 1533 640 gaumei,
1578 557 1662 619 ὅτι
1685 562 1795 623 οὐκ
1819 562 1958 626 ἄλλο

268 652 322 688 τι
344 636 494 688 ποιεῖ
510 627 649 688 αὐτὸ
671 629 846 692 καλὸν
883 630 918 712 ἢ
942 632 978 714 ἦ
1020 637 1234 697 ἐκείνου
1271 645 1378 699 τοῦ
1413 647 1594 703 καλοῦ
1617 649 1716 706 εἴτε
1739 665 1958 727 παρου-

266 716 364 773 σία
387 716 488 774 εἰίτε
510 718 795 790 κοινωνία,
852 720 952 777 εὔιε
987 716 1097 798 ὅπῃ
1123 720 1195 803 δὴ
1231 725 1324 782 καὶ
1359 721 1509 800 ὅπως
1534 736 1955 816 προςγενομένη·

263 797 342 859 οὐ
363 797 467 879 γὰρ
493 800 568 859 ἔτι
590 806 759 861 τοῦτο
787 806 1208 884 διισχυρίζομαι,
1253 806 1371 868 ἄλλ’
1385 800 1468 870 ὅτι
1502 819 1579 897 τῷ
1603 822 1756 902 καλῷ
1778 819 1958 879 πάντα

318 981 424 1037 Cap.
443 982 602 1025 XLIX.
661 979 819 1035 ἁπλῶς
839 985 922 1029 καὶ
947 982 1174 1046 α’τέχνως]
1220 990 1268 1034 V.
1301 984 1500 1048 ἀτεχνῶς
1515 1027 1528 1048 ,
1566 997 1682 1052 quod
1707 1013 1761 1041 ex
1783 998 1954 1057 aliquot

258 1039 385 1083 codd.
411 1041 691 1084 emendatum
717 1047 797 1087 est.

317 1091 347 1153 ἢ
369 1093 397 1153 ἡ
424 1095 599 1143 ἐκείνου
622 1115 661 1142 τ.
688 1099 762 1155 κ.]
793 1101 1045 1143 Articulum
1072 1097 1100 1159 ἦ
1133 1117 1186 1145 ex
1212 1105 1365 1160 paucis
1394 1108 1518 1151 codd.
1551 1110 1823 1168 restituimus
1854 1120 1953 1171 post

255 1154 392 1255 ahgi}
412 1208 538 1264 ὅπως
554 1212 913 1272 προςγενομένη]
938 1215 1072 1259 Codd.
1094 1216 1265 1272 aliquot
1280 1213 1664 1282 προςγιγνομένήι
1694 1227 1952 1283 paucissimi

253 1269 633 1338 ngesycvomivov.
674 1273 990 1315 Creuzerus
1020 1275 1075 1316 ad
1106 1275 1268 1318 Plotin.
1295 1278 1350 1318 de
1376 1279 1618 1337 Pulcritud.
1649 1298 1692 1339 p.
1719 1283 1817 1328 18⁰.
1850 1301 1949 1330 cor-

251 1330 432 1384 rigebat
451 1328 531 1373 καὶ
552 1324 679 1380 ὅπως
699 1331 1034 1388 προς-γενομένη
1058 1330 1306 1388 ξυγγένεια.
1338 1350 1379 1378 v.
1405 1343 1557 1384 annot.

168 1504 195 1529 s
309 1448 342 1527 ἦ
383 1464 457 1514 ὅτι
505 1470 668 1530 χρῶμα
713 1465 878 1515 εὖανθ.
930 1470 1064 1529 1ἕχον]
1131 1474 1302 1522 hibent.
1361 1477 1421 1520 Ut
1455 1475 1608 1535 paucis
1642 1481 1788 1526 dicam
1829 1486 1946 1540 quod

251 1526 546 1573 Inte11.gata'v.
573 1529 686 1571 Nam
700 1526 803 1585 ἕχον
814 1527 910 1573 ἐστί
925 1531 1066 1572 haud·
1132 1533 1302 1586 sentio,
1354 1535 1592 1591 legendum
1623 1545 1688 1581 est
1716 1557 1946 1598 προςαγο..

250 1600 474 1654 quaquam
484 1591 724 1629 rarumest.
739 1588 858 1629 Men.
875 1587 996 1641 p.82.
1014 1590 1063 1631 C.
1089 1615 1105 1632 ρ
1131 1590 1383 1647 ρευομένη,
1422 1594 1467 1635 ἰη
1489 1610 1622 1649 qnam
1643 1595 1942 1653 suspicionem

251 1659 308 1687 ου
341 1643 420 1687 καὶ
458 1642 655 1687 ταυτασὶ
691 1642 776 1694 τὰς
811 1643 891 1688 διὰ
920 1644 1063 1699 μέσου

248 1697 374 1744 ἐστὶν
394 1701 497 1752 ἴσας
527 1699 653 1755 ἔχον;
699 1701 786 1745 Sed
813 1717 854 1744 v.
880 1703 936 1745 ad
959 1703 1004 1746 h.
1030 1705 1062 1747 l.

245 1759 677 1802 Heindorfium.

301 1815 593 1877 ταράττομαι
624 1812 711 1874 γὰρ
750 1812 800 1859 ἐν
837 1819 938 1868 τοῖς
985 1812 1063 1861 ἅλ-

246 1875 345 1924 λοις
393 1875 549 1930 πᾶσι]
607 1888 729 1916 nam
752 1905 766 1926 ,
827 1874 874 1916 si
939 1876 1062 1930 quis

245 1932 372 1976 alia
444 1933 624 1975 affert
687 1938 1059 1987 argumenta,

243 1988 404 2033 iniis
432 1991 645 2033 haereo
677 1994 727 2031 et
755 1989 913 2044 quasi
942 2005 1062 2045 per—

240 2049 490 2101 turbor,
547 2046 640 2089 ita
679 2047 911 2101 utquid
962 2062 1061 2089 ve-

240 2118 364 2147 rum
391 2104 504 2158 sit,
557 2103 899 2160 intelligere
945 2119 1055 2148 non

183 2200 194 2210 ,ι
241 2174 458 2216 queam.
489 2187 517 2195 -
560 2162 669 2203 Mox
693 2176 773 2218 pro
795 2163 918 2217 vulg.
955 2157 1055 2204 α’·τε-

180 2210 184 2213 *
238 2220 359 2275 χνιός
384 2237 435 2264 ex
460 2220 632 2285 aliquot
652 2219 777 2262 codd.
806 2219 1055 2274 recepimus

239 2275 468 2334 ἀτέχνως,
501 2291 622 2321 sine
651 2284 795 2328 arte,
824 2278 940 2331 quod
963 2277 1055 2319 exi-

231 2337 374 2411 §ebat
425 2334 657 2379 sententia.
709 2336 864 2389 Harp
879 2340 1051 2379 ocrat.

240 2394 457 2450 Ατεχνῶς,
487 2391 846 2449 περισπωμένως
869 2385 953 2458 μξν
971 2387 1052 2435 οἷν-

230 2450 276 2496 τὶ
296 2452 380 2496 τοῦ
406 2451 568 2507 σαφῶς
591 2444 619 2506 ἢ
636 2441 874 2509 βεβαίωςῆ
899 2463 1049 2504 ασφα-

230 2510 321 2560 λῶς
355 2505 386 2566 ἢ
434 2509 662 2581 φανερῶς·
715 2504 1051 2565 παροξυτόνως

229 2566 281 2611 δὲ
307 2561 410 2612 ἀντὶ
429 2568 514 2613 τοῦ
537 2565 715 2623 αμελῶς
737 2567 816 2609 καὶ
839 2561 952 2608 ἄνευ
979 2565 1048 2609 τέ-

226 2640 352 2682 χνης.

288 2682 377 2727 εἴτε
395 2680 631 2741 παρουσία
647 2679 737 2724 εἴτε
747 2678 971 2723 κοινωνία
983 2680 1042 2733 -]

225 2739 473 2783 Dubitabat
506 2739 625 2782 enim
649 2739 803 2789 Plato,
841 2752 928 2792 quo
948 2751 1047 2780 mo-

225 2797 282 2839 do
319 2799 488 2853 species
520 2810 673 2839 rerum
706 2799 911 2837 aeternae
939 2810 1043 2839 cum

225 2855 359 2897 rebus
405 2855 513 2911 ipsis
565 2853 829 2895 coniunctae
871 2858 1039 2895 essent:

223 2918 343 2954 certe
368 2914 547 2967 quidem
569 2924 657 2953 non
684 2909 938 2964 reperiebat
960 2924 1042 2976 {¹⁰-

221 2970 462 3022 cabnlum,
500 2982 587 3024 quo
614 2968 742 3009 illam
766 2966 1041 3008 coniunctio-

218 3039 320 3069 nem
344 3033 444 3082 apte
470 3025 758 3082 significaret.
787 3036 828 3065 v,
854 3024 1036 3065 Parme-

136 3123 142 3125 ,
216 3082 309 3127 nid.
333 3099 374 3140 p.
397 3083 494 3127 130.
515 3081 716 3126 lez—132.
775 3078 932 3135 Itaque
946 3081 1035 3123 hoc

214 3139 316 3184 loco
337 3141 445 3184 dicit
466 3140 643 3186 ἐκείνου
666 3136 752 3182 τοῦ
777 3136 922 3181 καλοῦ
942 3137 1032 3182 εἴτε

212 3199 451 3256 παρουσία
500 3198 590 3243 εἴτε
643 3195 877 3240 κοινωνία.
943 3195 1032 3264 βοὰ

211 3257 328 3310 quod
339 3255 537 3311 sequitur
549 3255 667 3299 εἴτε·
678 3266 1030 3311 προςγενομενη,

209 3311 259 3355 id
306 3314 588 3356 manifestam
631 3311 823 3366 suscepit
864 3310 1027 3353 labem.

209 3369 347 3413 codd.
372 3370 488 3413 nihil
498 3370 688 3424 variant,
716 3371 1028 3424 praeterquam

207 3426 325 3483 qnod
355 3423 491 3483 pauci
524 3423 913 3486 προσγιγνόμενον
951 3436 1028 3468 ex·

1129 1647 1256 1690 video
1269 1649 1406 1692 etiam
1427 1652 1480 1693 W
1491 1659 1549 1708 γε
1566 1660 1619 1695 te
1634 1670 1661 1696 n
1676 1657 1940 1704 bachium

1127 1704 1348 1749 incidisse.
1408 1708 1536 1763 Quod
1570 1711 1646 1753 ubi
1669 1715 1941 1769 probaveris,

1127 1763 1391 1806 sententiam
1438 1766 1628 1810 habebis
1677 1771 1941 1826 expeditam,
2022 1792 2025 1794 ’

1127 1819 1372 1875 simplicem
1386 1854 1399 1873 ‚
1446 1839 1612 1868 veram.
1677 1828 1758 1869 Est
1790 1836 1939 1873 autem

1125 1877 1262 1920 haec:
1317 1879 1469 1922 nihil
1512 1882 1628 1924 aliu
1643 1883 1671 1924 d
1697 1886 1937 1931 reddere

1126 1933 1276 1976 illud
1307 1937 1578 1992 pulcrum,
1608 1941 1723 1984 nisi
1750 1942 1938 1998 ipsius

1124 2007 1152 2047 p
1168 1992 1555 2039 ulcritudinis
1598 1997 1720 2041 sive
1769 2015 1938 2056 prae-

1126 2049 1315 2092 sentia
1358 2051 1479 2094 sive
1518 2057 1830 2100 communio
1859 2059 1936 2101 si-

1123 2121 1187 2148 ve
1216 2121 1556 2165 quocunque
1590 2114 1707 2156 alio
1748 2115 1936 2158 nomi-

1122 2178 1185 2206 ne
1213 2179 1315 2220 app
1329 2166 1555 2212 elletur.
1600 2170 1829 2227 Loquendi
1851 2187 1934 2229 ge-

1122 2235 1204 2263 nus
1261 2223 1388 2264 docte
1438 2223 1681 2271 illustravit
1719 2230 1775 2271 ad
1815 2230 1861 2272 h.
1897 2231 1929 2274 1.

1119 2279 1519 2335 Wyttenbach.
1578 2285 1644 2327 Ne
1675 2292 1825 2329 autem
1844 2287 1933 2330 mi-

1118 2337 1230 2378 reris
1267 2337 1384 2379 istud
1423 2333 1515 2396 ὅπῃ
1553 2341 1632 2385 καὶ
1671 2338 1797 2394 ὅπως
1825 2357 1931 2387 con-

1115 2392 1315 2436 iunctum
1331 2426 1343 2446 ,
1371 2395 1504 2438 huius
1526 2397 1762 2443 locutionis
1781 2414 1931 2444 exem-

1114 2450 1191 2506 pla
1213 2451 1395 2507 collegit
1420 2452 1442 2493 1
1455 2467 1482 2495 a
1495 2469 1518 2496 c
1529 2469 1555 2496 o
1565 2453 1594 2498 b
1607 2456 1693 2498 siu
1706 2472 1726 2499 s
1749 2459 1805 2500 ad
1818 2459 1928 2501 Phi-

1114 2508 1287 2551 lostrati
1319 2509 1495 2566 lmagg.
1537 2527 1578 2567 p.
1608 2511 1707 2556 635.
1766 2514 1927 2558 Simile

1115 2571 1182 2607 est
1203 2565 1321 2620 quod
1353 2581 1487 2622 supra
1519 2569 1712 2626 legimus
1741 2566 1928 2632 οὐδαμῇ

1113 2619 1344 2679 οὐδαμῶς.

1170 2676 1227 2724 οὐ
1267 2674 1354 2739 γὰρ
1382 2678 1448 2724 ἔτι
1476 2681 1619 2728 τοῦτο
1661 2683 1736 2738 ἃ]
1797 2701 1826 2730 n
1837 2700 1865 2731 a
1876 2698 1924 2733 m

1110 2750 1386 2793 quaenam
1432 2739 1589 2782 ratio
1631 2741 1785 2786 inter
1830 2759 1923 2791 ren

1110 2794 1438 2851 singulares
1468 2811 1775 2855 earumque
1804 2816 1921 2857 spe-

1107 2851 1224 2894 cies
1253 2857 1381 2895 aete
1396 2855 1527 2897 rn'as
1556 2854 1918 2916 intercedat,

1104 2908 1160 2951 id
1190 2923 1217 2952 n
1233 2911 1436 2953 ondum
1465 2917 1625 2956 certo
1654 2912 1915 2961 dixerim.

1102 2965 1202 3009 Ari
1216 2971 1301 3009 sto
1315 2972 1331 3008 t
1345 2968 1408 3012 el.
1442 2969 1551 3012 Met.
1575 2970 1612 3012 1.
1631 2970 1674 3014 6.
1702 2968 1791 3024 τὴν
1811 2972 1919 3028 μέν·

1101 3039 1178 3066 τοι
1205 3036 1255 3078 γε
1287 3023 1500 3079 μέθεξιν,
1530 3050 1558 3060 ·—
1599 3022 1702 3083 ἥτις
1733 3025 1792 3072 ἂν
1824 3030 1914 3087 εἴη,

1099 3080 1194 3124 τῶν
1227 3079 1366 3125 εἰδῶν
1378 3118 1390 3136 ,
1449 3077 1650 3139 ἀφεῖσαν
1682 3082 1732 3129 ἐν
1768 3088 1913 3147 κοινῷ

1097 3138 1262 3194 ζητεῖν.
1304 3139 1504 3196 colligas
1518 3155 1569 3183 ex
1581 3140 1669 3184 hoc
1683 3142 1781 3186 loco
1791 3144 1912 3187 haud

1096 3196 1192 3238 sine
1246 3196 1344 3238 veri
1395 3198 1550 3253 aliqua
1619 3199 1913 3245 similitudine·

1094 3251 1342 3313 Platonem,
1363 3269 1452 3309 quo
1479 3261 1677 3311 tempore
1703 3257 1910 3315 Phaedo-

1094 3322 1198 3353 nem
1230 3311 1407 3367 scripsit
1419 3341 1432 3365 ‚
1475 3313 1671 3356 nondum
1688 3311 1736 3356 in
1757 3315 1907 3373 lucem

1093 3366 1292 3410 emisisse
1329 3369 1642 3411 Parmenidem
1657 3404 1670 3424 ‚
1728 3371 1776 3415 in
1817 3384 1907 3427 quo

1090 3422 1220 3469 libro.
1246 3425 1302 3468 de
1337 3426 1603 3482 gravissimo
1639 3425 1730 3472 hoe
1767 3441 1908 3486 argu-
