2040 3646
260 110 265 145 :
298 162 366 218 12
929 153 1337 208 PRAEFATIO

288 295 452 336 tei-eat.
509 290 583 333 Ae-
602 287 800 346 profecto
832 301 1046 346 magnam
1077 291 1211 346 atque
1243 301 1428 347 gravem
1469 289 1790 334 dubitationem
1819 290 1867 335 in
1898 305 1995 335 me·-

300 363 426 405 dium
439 359 655 405 attulisti·
701 360 877 417 Quippe
899 361 1183 417 explicandus
1206 365 1272 405 est
1305 361 1430 404 locus
1454 360 1534 403 ille
1561 361 1615 404 de
1641 375 1795 404 rerum
1821 367 1994 415 natura,

300 432 590 492 generatione
617 435 663 475 et
680 431 975 488 corruptione.
1032 433 1086 475 In
1108 446 1241 488 quem
1265 446 1402 488 quum
1426 435 1470 475 et
1487 431 1583 488 ipse
1582 473 1594 498 s
1613 432 1851 476 admodum
1871 434 1995 477 iuve-

298 506 369 548 nis
392 518 534 547 essem
556 502 754 555 delatus,
791 505 983 546 narrabo
999 503 1128 547 vobis
1153 503 1258 560 quid
1277 503 1392 546 mihi
1410 503 1635 547 acciderit.
1668 531 1672 533 -
1695 505 1847 559 Quum
1875 504 1995 549 enim

290 575 550 620 vdoctrinam
569 573 769 631 physic
782 587 863 617 am
890 578 1093 631 putarem
1113 589 1209 618 esse
1221 576 1358 632 longe
1371 573 1810 631 praestantissimam,
1836 575 1996 632 quippe

297 662 415 705 quae
433 647 635 701 doceret,
675 644 838 700 quibus
864 645 1008 689 causis
1039 659 1111 691 res
1138 660 1290 690 omnes
1309 647 1385 688 vel
1406 646 1628 689 orirentur
1650 646 1723 689 vel
1748 646 1994 700 interirent,

289 718 545 776 ,plurimum
563 715 699 760 studii
718 715 766 759 in
788 731 842 759 ea
869 717 1090 760 collocare
1113 716 1253 774 coepi.
1312 717 1402 760 Sed
1431 717 1633 773 quamvis
1674 717 1873 760 omnium
1894 718 1997 774 phi-

258 822 261 825 v
297 790 591 846 Iosophorum
611 788 787 839 decreta
813 787 1130 845 investigarem
1153 792 1197 830 et
1217 787 1541 844 perquirerem,
1580 792 1730 832 tamen
1751 789 1806 830 de
1832 794 1934 831 ortu
1953 792 1997 831 et

253 893 256 896 >
298 861 483 905 interitu
518 874 671 926 rerum
699 858 816 901 nihil
837 858 943 902 novi
972 874 1046 901 me
1064 859 1203 903 abiis
1227 859 1397 914 discere
1425 873 1528 902 mox
1563 859 1778 903 intellexi.
1834 861 1997 904 Postea

298 932 440 976 incidi
459 932 574 975 forte
596 931 645 974 in
670 931 840 974 librum
860 931 1164 987 Anaxagorae.
1225 930 1317 986 Qui
1349 944 1487 986 quum
1515 930 1665 974 omnia
1695 945 1723 974 a
1755 934 1903 974 mente
1929 931 1998 975 di-

298 1005 405 1048 vina
437 1002 635 1046 ordinari
666 1005 711 1045 et
748 1001 1052 1045 administrari
1072 1002 1272 1054 doceret,
1301 1001 1450 1044 dicere
1484 1015 1573 1045 non
1603 1016 1799 1057 possum,
1832 1007 1996 1058 quanta

256 1090 399 1132 κῦρος
415 1074 511 1118 veri
545 1072 798 1117 inveniendi
819 1072 1017 1116 animum
1044 1086 1194 1115 meum
1216 1072 1510 1128 occupaverit.
1570 1072 1659 1116 Sed
1678 1073 1847 1116 mirum
1874 1074 1997 1116 dictu

300 1151 393 1203 est,
441 1149 710 1202 quantopere
740 1143 876 1186 etiam
905 1143 987 1187 illa
1018 1158 1092 1186 me
1112 1144 1320 1186 fefellerit
1349 1144 1630 1200 exspectatio.
1702 1144 1880 1187 Etenim
1915 1144 1996 1187 ille

300 1232 501 1275 quoque,
542 1220 593 1259 ut
616 1215 896 1272 singularum
926 1229 1078 1258 rerum
1097 1215 1288 1271 aperiret
1313 1228 1470 1258 causas
1496 1219 1540 1258 et
1568 1215 1789 1268 rationes,
1829 1229 1995 1268 aerem,

299 1304 486 1345 aquam,
513 1287 606 1331 alia
621 1286 757 1329 huius
780 1285 980 1343 generis,
1009 1290 1220 1342 tanquam
1244 1286 1474 1330 machinas
1496 1287 1709 1342 quasdam
1720 1283 1995 1340 adhibebat3

299 1365 496 1404 mentem
534 1358 732 1401 divinam
760 1357 1156 1412 praetermittebat.
1230 1357 1356 1400 Haec
1387 1372 1526 1413 quum
1566 1357 1684 1401 mihi
1723 1358 1998 1411 accidissent,

299 1432 498 1490 physicis
515 1429 700 1487 relictis,
730 1428 868 1472 aliam
887 1428 1007 1471 viam
1031 1429 1367 1486 ingrediendam
1389 1443 1485 1471 esse
1505 1428 1651 1472 statui.
1707 1429 1864 1486 Itaque
1881 1429 1998 1473 mihi

299 1504 432 1560 plane
454 1500 656 1559 persuasi
682 1514 779 1543 esse
802 1500 987 1555 aliquid,
1022 1501 1141 1556 qnod
1161 1515 1240 1556 per
1267 1515 1315 1543 se
1340 1504 1455 1543 esset
1473 1514 1702 1557 magnum,
1739 1500 1995 1557 pulchrum,

298 1577 492 1626 bonum,
521 1577 566 1616 et
583 1571 710 1615 euius
730 1571 778 1614 vi
795 1571 1067 1625 efficeretur,
1096 1575 1147 1614 ut
1168 1583 1282 1626 quae
1297 1585 1489 1627 magna,
1526 1571 1738 1626 pulchra,
1775 1573 1895 1614 bona
1916 1586 1996 1614 vo-

300 1660 402 1689 care
427 1645 646 1695 solemus,
680 1643 797 1686 hanc
821 1643 966 1699 ipsam
994 1641 1209 1686 virtutem
1240 1642 1604 1698 adipiscerentur.
1662 1642 1824 1686 Patavi
1853 1641 1996 1698 igitur

276 1731 369 1760 ‹res
388 1716 599 1773 pulchras
632 1728 720 1756 non
744 1715 916 1767 colore,
958 1713 1036 1756 sed
1065 1713 1398 1770 pulchritudine
1431 1713 1642 1769 pulchras
1664 1713 1787 1766 fieri,
1836 1713 1997 1757 simili-

296 1792 453 1844 terque
475 1799 663 1842 magnas
688 1784 1022 1841 magnitudine,
1049 1799 1205 1840 parvas
1234 1784 1475 1841 parvitate,
1514 1785 1723 1828 honestas
1749 1785 1993 1828 honestate.

298 1860 428 1915 Quae
447 1871 585 1913 quum
606 1855 792 1899 firmiter
818 1860 1013 1898 tenerem
1029 1887 1042 1908 ,
1073 1855 1199 1912 coepi
1232 1856 1368 1898 etiam
1391 1855 1649 1912 intelligere
1682 1855 1801 1898 nihil
1832 1870 1927 1899 esse
1946 1856 1994 1899 in

285 1943 452 1974 vrerum
474 1931 635 1971 natura
655 1931 857 1970 constans
878 1932 924 1971 et
942 1927 1223 1971 immutabile
1241 1931 1417 1983 praeter
1441 1926 1555 1969 illud
1568 1958 1582 1979 ,
1611 1927 1728 1982 quod
1748 1942 1829 1984 per
1849 1941 1897 1970 se
1927 1941 1997 1970 es-

299 2005 370 2046 set
386 2013 568 2051 verum,
616 1999 810 2050 bonum,
846 1998 1109 2054 pulchrum,
1160 1999 1249 2040 hoc
1281 2002 1346 2041 est
1373 2003 1550 2055 praeter
1576 1997 1699 2040 ideas
1728 2011 1881 2040 rerum
1899 1998 1996 2042 sola

299 2075 450 2117 mente
474 2069 906 2126 comprehendendas
929 2074 973 2113 et
989 2069 1116 2125 quasi
1140 2068 1387 2112 intuendas·
1445 2070 1504 2112 Et
1523 2070 1636 2112 haec
1664 2068 1845 2123 quidem
1879 2072 1997 2122 sunt,

301 2143 480 2201 quaein
504 2142 670 2184 harum
684 2154 836 2183 rerum
863 2140 1122 2197 quaestione
1142 2141 1330 2183 tenenda
1349 2154 1447 2183 esse
1473 2140 1588 2183 mihi
1610 2139 1825 2184 videntur.

473 2213 580 2269 Cap.
607 2212 646 2256 L
674 2236 729 2243 —
752 2213 863 2255 LVI.
907 2213 960 2255 A.
1033 2212 1161 2254 Haec
1197 2211 1347 2254 omnia
1381 2216 1530 2254 autem
1558 2215 1793 2267 postquam
1822 2209 1997 2255 Socrati

303 2297 512 2329 concessa
538 2286 690 2335 erant,
720 2283 857 2326 aliam
876 2283 1013 2326 etiam
1036 2282 1265 2339 ingressus
1297 2285 1363 2324 est
1383 2282 1726 2337 disputationem
1741 2317 1753 2337 ,
1791 2296 1881 2337 qua
1901 2283 1998 2325 ani-

276 2390 278 2393 .
300 2370 428 2401 mum
463 2368 559 2397 esse
594 2353 913 2410 sempiternum
945 2359 1078 2409 atque
1098 2354 1400 2397 immortalem
1430 2354 1618 2395 doceret.
1675 2352 1853 2396 Etenim
1882 2367 1997 2408 quae

275 2464 278 2467 .
305 2425 528 2470 contraria
551 2428 676 2477 sunt,
705 2423 872 2479 inquit,
901 2439 957 2468 ea
976 2439 1023 2468 se
1043 2425 1235 2469 invicem
1255 2425 1365 2468 adeo
1384 2423 1613 2480 refugiunt
1635 2427 1770 2478 atque
1787 2438 1997 2467 aversan-

279 2503 403 2550 ¹tur,
440 2500 491 2539 ut
518 2497 710 2539 alterum
738 2496 878 2540 altero
914 2491 1147 2539 accedente
1181 2501 1258 2540 aut
1288 2500 1439 2552 pereat
1468 2499 1546 2538 aut
1577 2495 1793 2539 elabatur.
1851 2495 1998 2554 Veluti

303 2567 538 2625 parvitatis
558 2566 738 2633 ¹⁴species
775 2570 818 2608 et
852 2568 998 2611 forma
1029 2581 1255 2623 nunquam
1292 2580 1395 2609 cum
1427 2565 1733 2622 magnitudine
1765 2566 1998 2610 conciliari

302 2639 491 2696 poterit,
522 2638 600 2680 sed
619 2637 707 2680 hac
728 2638 1105 2695 appropinquante
1128 2638 1210 2682 illa
1230 2651 1491 2681 evanescere
1512 2637 1636 2680 solet.
1696 2636 1826 2692 Quod
1847 2642 1997 2681 autem

282 2711 362 2752 >de
386 2709 468 2761 iis,
508 2722 626 2764 quae
648 2707 735 2750 sibi
759 2707 856 2763 ipsa
877 2713 921 2752 et
948 2725 1026 2765 per
1054 2725 1101 2753 se
1135 2709 1358 2752 contraria
1381 2712 1508 2760 sunt,
1546 2708 1696 2751 valere
1727 2707 1840 2761 dixi,
1877 2707 1997 2751 idem

303 2780 442 2824 etiam
462 2779 747 2822 iudicandum
769 2784 836 2821 est
854 2780 908 2822 de
934 2780 1035 2824 aliis
1049 2813 1062 2832 ‚
1109 2795 1221 2835 quae
1251 2778 1424 2822 etiamsi
1454 2793 1542 2822 non
1574 2778 1662 2822 sint
1684 2778 1863 2835 proprie
1893 2793 1998 2822 con-

281 2882 282 2885 *
301 2851 445 2896 traria
461 2884 475 2906 ,
503 2854 652 2894 tamen
673 2848 844 2904 aliquid
863 2850 909 2892 in
936 2866 984 2893 se
1004 2851 1249 2906 continent,
1280 2851 1397 2906 quod
1412 2850 1500 2898 ,alii
1529 2850 1707 2894 cuidam
1727 2851 1997 2894 adversetur.

275 2952 279 2955 -
304 2921 485 2965 Etenim
508 2936 564 2963 ne
587 2921 700 2964 haec
716 2920 896 2975 quidem
913 2936 960 2964 se
980 2922 1169 2965 invicem
1183 2923 1277 2965 tsslo
1297 2922 1436 2985 modo!
1447 2921 1667 2977 recipiunt
1685 2925 1730 2965 et
1748 2921 1998 2966 admittunt.

302 2993 358 3036 Id
376 2993 493 3048 quod
514 2991 646 3034 facile
669 2997 734 3033 est
765 2993 976 3048 exemplis
999 2994 1311 3036 demonstrare.
1369 2993 1484 3035 Nam
1514 3006 1725 3035 numerus
1755 2991 1994 3044 ternarius,

305 3062 391 3106 etsi
411 3063 506 3119 ipse
523 3076 614 3105 non
634 3062 772 3105 habet
794 3064 1086 3117 contrarium,
1124 3069 1272 3108 tamen
1304 3077 1407 3106 cum
1432 3077 1605 3117 semper
1626 3063 1674 3106 in
1703 3077 1752 3106 se
1778 3062 2001 3106 contineat

305 3135 498 3177 formam
518 3132 705 3187 *imparis
733 3134 934 3187 numeri,
974 3148 1198 3190 nunquam
1228 3134 1344 3177 effici
1377 3135 1561 3190 poterit,
1602 3138 1652 3176 ut
1676 3133 1795 3189 paris
1824 3133 2000 3176 numeri

280 3208 513 3247 ‚naturam
548 3203 717 3246 induat.
775 3205 944 3250 Eadem
970 3205 1090 3262 ignis
1119 3205 1234 3249 ratio
1262 3209 1342 3249 est.
1401 3205 1492 3260 Qui
1516 3219 1653 3260 quum
1683 3204 1732 3246 in
1758 3217 1807 3247 se
1838 3202 2001 3247 caloris

305 3274 400 3318 vim
421 3274 785 3330 comprehendat,
834 3289 947 3331 quae
980 3280 1054 3326 est·
1067 3277 1230 3333 frigori
1255 3275 1500 3329 contraria,
1539 3288 1766 3330 nunquam
1790 3288 1903 3322 ‚cum
1922 3272 2003 3316 fri-

302 3359 422 3402 gore
437 3344 696 3390 coniunctus
728 3359 826 3391 esse
855 3351 1014 3405 potest.
1072 3348 1248 3395 Pariter
1283 3347 1386 3402 nix,
1423 3361 1537 3405 quae
1556 3359 1784 3403 nunquam
1813 3358 1902 3390 non
1920 3342 2002 3388 tri-
