2040 3646
72 981 99 1003 t

261 173 445 219 xxxlv

263 313 428 358 venias.
482 312 541 356 Et
557 309 760 355 videmur
773 308 902 354 nobis
920 311 1220 365 nonimultum
1247 324 1277 357 a
1299 325 1407 358 vero
1438 314 1650 360 aberrare
1659 347 1674 371 ,
1711 331 1851 377 quum
1875 331 1950 364 su-

265 399 488 457 spicamur
524 395 714 440 libros
756 408 785 438 a
823 393 1070 440 Platone
1112 410 1288 454 usque
1324 398 1395 442 ad
1429 399 1463 443 S
1476 400 1696 445 ocratis
1731 402 1951 449 obitum

265 487 320 527 et
354 481 555 539 paullo
592 483 722 537 post
758 478 868 522 hoc
905 484 1128 537 tempus
1176 483 1538 539 compositos
1583 485 1686 529 hos
1729 501 1853 531 esse
1890 493 1950 532 et

263 568 366 611 hoc
392 581 420 609 o
434 564 603 609 rdine
630 566 750 609 fere
777 563 1095 622 prodiisse:
1124 566 1418 624 Lysidem,
1445 569 1789 625 Lachetem,
1815 572 1951 629 Hip·

262 653 414 710 piam
440 649 748 704 maiorem,
773 651 872 693 Ion
888 660 995 702 em,
1023 649 1416 706 Charmidem,
1444 653 1532 696 Me
1546 668 1743 699 nonem
1757 687 1771 709 ,
1799 655 1953 700 Alci-

260 738 291 779 b
307 737 324 779 i
340 737 406 780 ad
421 746 529 789 em,
558 734 665 780 Gra
679 735 766 792 tyl
780 746 883 788 um,
910 732 1354 792 Euthydemum,
1383 719 1790 797 Protagoram,
1820 741 1950 784 Gor·

259 821 436 878 giam,
464 816 933 877 Euthyphronem
947 850 962 872 ,
1000 820 1077 876 Ap
1091 820 1349 878 clogiam
1377 821 1483 866 Soc
1497 823 1648 868 ratis
1677 828 1732 868 et
1761 824 1948 868 Crito—

258 921 286 949 n
298 920 391 950 em.
449 903 581 969 Quod
633 904 814 960 quidem
861 917 943 952 cur
988 905 1119 948 nobis
1164 905 1390 960 videatur,
1445 906 1684 952 dilucidius
1733 923 1950 965 exponere

255 989 465 1048 quoniam
517 994 563 1034 et
608 990 796 1046 longum
844 992 911 1032 cst
962 993 1008 1032 et
1052 994 1231 1046 propter
1275 1005 1331 1035 ea
1340 1022 1355 1046 ‚
1411 1006 1527 1049 quae
1575 1007 1710 1050 supra
1754 993 1801 1037 in
1846 994 1949 1037 uni-

254 1090 433 1119 versum
455 1074 798 1131 disputavimus,
825 1085 914 1117 non
943 1075 1264 1128 necessarium,
1300 1078 1614 1134 progredimur
1640 1079 1697 1122 ad
1726 1094 1747 1122 s
1761 1093 1786 1120 e
1801 1093 1908 1122 cun
1921 1104 1946 1113 -

253 1161 281 1203 d
294 1149 377 1204 am
414 1161 568 1203 class
583 1173 664 1203 em
691 1174 712 1203 s
726 1159 841 1214 crip
854 1164 1038 1202 torum
1065 1160 1516 1206 Platonicorum.
1572 1143 1776 1207 Ad'hanc
1795 1167 1947 1208 autem

250 1243 502 1290 referendos
536 1255 767 1288 censemus
801 1254 877 1286 eos
901 1243 1042 1287 libros
1077 1257 1230 1287 omnes
1241 1275 1256 1298 ‚
1292 1258 1403 1301 quos
1437 1233 1729 1304 philosophus
1755 1248 1859 1292 inde
1887 1251 1945 1292 ab

250 1346 306 1374 eo
333 1336 546 1386 tempore,
575 1343 662 1386 quo
683 1342 737 1372 ex
759 1325 993 1372 itineribus
1022 1329 1070 1372 in
1093 1329 1283 1385 patriam
1303 1340 1504 1373 reversus
1523 1331 1571 1374 in
1592 1333 1833 1376 Academia
1847 1333 1950 1389 phi-

246 1415 499 1471 losophiam
521 1412 682 1458 docere
705 1413 865 1470 coepit,
894 1427 1035 1469 usquc
1052 1413 1108 1456 ad
1131 1414 1317 1457 alteram
1337 1415 1385 1458 in
1402 1415 1604 1460 Siciliam
1624 1418 1946 1474 profectionem

245 1502 389 1545 literis
418 1499 695 1556 consignavit
721 1503 798 1542 aut
834 1502 954 1541 certe
996 1497 1043 1540 in
1072 1498 1220 1540 lucem
1249 1499 1477 1554 publicam
1509 1500 1672 1546 emisit.
1736 1503 1806 1546 De
1833 1518 1944 1559 quo-

245 1601 347 1630 rum
380 1590 644 1643 argumento
681 1589 726 1628 et
757 1581 945 1626 consilio
978 1579 1084 1639 quia
1111 1582 1279 1625 dictum
1306 1589 1373 1627 est
1406 1585 1512 1628 satis
1544 1585 1593 1629 in
1623 1587 1944 1643 superioribus,

243 1672 333 1715 hoc
352 1673 453 1714 loco
477 1669 702 1726 disputare
731 1662 1081 1725 supersedemus.
1140 1662 1256 1710 Stint
1274 1673 1424 1720 autem
1444 1669 1496 1712 hi
1511 1685 1523 1713 ε
1564 1670 1607 1714 Τ
1617 1668 1652 1712 h
1663 1682 1723 1714 ea
1733 1686 1758 1715 e
1768 1675 1787 1715 t
1798 1685 1824 1714 e
1834 1676 1890 1715 tu
1901 1687 1941 1727 s,

244 1756 458 1814 Sophis
474 1760 551 1808 ta,
581 1753 904 1806 Politicus,
947 1751 1293 1796 Parmenide
1310 1768 1357 1808 s,
1380 1737 1786 1812 ''Symposiuub
1815 1758 1940 1800 Me-

242 1849 533 1893 nexenus,
563 1839 892 1891 Phaedrus,
921 1837 1179 1890 Phaedo,
1208 1838 1247 1880 P
1263 1837 1526 1894 hilebus,
1564 1838 1815 1896 Politia,
1843 1842 1940 1887 Ti-

239 1939 286 1969 m
298 1939 325 1969 a
338 1941 364 1969 e
378 1940 438 1968 us
450 1957 463 1978 ,
494 1925 529 1967 C
541 1940 564 1968 r
577 1925 593 1968 i
605 1930 622 1968 t
635 1925 651 1968 i
664 1939 692 1968 a
706 1939 741 1968 s.
798 1925 900 1966 Hoc
925 1923 1044 1966 enim
1072 1923 1168 1965 fere
1200 1922 1356 1965 ordine
1383 1922 1589 1966 videntur
1604 1924 1726 1988 *editi
1744 1938 1861 1970 esset
1882 1928 1940 1983 ,id

239 2013 357 2068 quod
385 2015 566 2067 apparet
594 2015 692 2054 tum
721 2023 775 2052 ex
803 2006 1057 2065 argumenti
1092 2021 1247 2050 eorum
1278 2005 1541 2065 cognatione
1563 2013 1609 2052 ct
1635 1987 1940 2067 similitudine,

239 2102 335 2141 tum
357 2111 411 2140 ex
431 2101 683 2152 temporum
702 2093 907 2148 vitaeque
933 2093 1107 2136 vicibus
1117 2124 1131 2145 ‚
1169 2091 1225 2135 ad
1255 2106 1365 2148 quas
1392 2089 1684 2150 philosophus
1706 2069 1937 2152 'Qibcndi

239 2180 427 2225 consilia
445 2177 606 2223 direxit
630 2185 676 2223 ct
694 2177 1058 2223 accommodavit.
1130 2177 1352 2233 Quoniam
1383 2182 1531 2221 autem
1564 2178 1616 2223 hi
1643 2178 1752 2224 libri
1781 2181 1937 2239 scripti

239 2281 290 2310 su
296 2272 343 2310 nt
366 2281 394 2310 a
416 2267 601 2309 Platone
619 2279 672 2308 ea
693 2268 859 2317 aetate,
904 2277 992 2319 qua
1024 2266 1285 2319 pervenerat
1316 2263 1373 2306 ad
1397 2275 1616 2306 summam
1644 2266 1870 2311 doctrinae
1888 2271 1936 2312 et

233 2347 494 2394 eruditionis
512 2349 813 2393 maturitatem
833 2362 1073 2404 omnesque
1097 2347 1221 2390 illius
1239 2352 1386 2403 partes
1417 2347 1659 2403 explicatas
1696 2350 1846 2394 animo
1867 2356 1934 2396 te-

235 2435 370 2479 nebat
382 2468 395 2492 ,
425 2434 556 2478 facilc
579 2438 701 2491 patet
722 2447 797 2476 eos
807 2463 820 2485 ,
849 2433 927 2488 qui
958 2433 1137 2489 cupiant
1156 2430 1230 2475 vcl
1263 2429 1509 2473 doctrinam
1544 2431 1743 2476 Platonis
1764 2448 1933 2492 cogno-

234 2535 357 2564 scere
381 2521 453 2563 vel
475 2519 570 2562 eius
591 2519 809 2562 rationem
829 2516 1046 2573 explicare
1071 2523 1115 2560 et
1141 2514 1448 2572 interpretari,
1479 2528 1574 2558 sese
1593 2515 1699 2561 dare
1723 2525 1927 2574 oportere

234 2605 291 2649 ad
311 2607 393 2649 hos
418 2605 698 2662 potissimum
716 2602 853 2646 libros
885 2601 1161 2647 lectitandos.
1241 2599 1331 2656 Qui
1364 2614 1618 2656 quanquam
1648 2616 1736 2645 non
1765 2602 1830 2647 ita
1855 2603 1926 2648 in-

232 2695 299 2733 tcr
317 2704 364 2733 se
383 2691 621 2733 cohaerent
636 2721 650 2742 ,
679 2693 729 2731 ut
749 2691 960 2744 perpetua
981 2686 1094 2730 serie
1130 2685 1395 2743 placitorum
1432 2685 1649 2741 quendam
1682 2688 1811 2743 quasi
1850 2704 1925 2733 or.

229 2774 334 2818 bem
352 2775 608 2828 conficiant,
639 2775 787 2817 tamen
811 2771 917 2828 quid
938 2771 1069 2814 Plato
1091 2771 1147 2813 de
1174 2771 1308 2814 rebus
1331 2768 1540 2814 humanis
1568 2785 1621 2814 ac
1640 2768 1801 2816 divinis
1823 2789 1923 2818 sen-

229 2859 339 2904 serit
353 2893 367 2914 ,
397 2861 560 2917 optime
581 2860 826 2910 declarant,
853 2861 903 2899 ut
923 2855 1048 2912 quasi
1079 2868 1162 2913 pro
1197 2855 1300 2899 sede
1319 2869 1372 2899 ac
1393 2855 1619 2900 domicilio
1641 2856 1920 2904 decretorum

187 2927 192 2934 .
225 2943 560 2990 Platonicorum
589 2941 786 2988 habendi
813 2941 1061 2986 videantur.
1137 2936 1227 2984 Sed
1256 2940 1302 2983 in
1332 2951 1433 2984 eam
1464 2939 1805 2998 disputationem
1831 2957 1919 2999 quo

223 3030 372 3072 minus
394 3044 511 3072 nunc
529 3029 832 3086 digrediamur
843 3059 857 3080 ,
886 3023 1078 3070 instituti
1099 3025 1237 3068 nostri
1265 3025 1430 3069 finibus
1462 3025 1766 3082 prohibemur.
1824 3027 1918 3071 Ita-

225 3128 312 3169 que
352 3118 514 3167 restat,
569 3118 619 3162 ut
656 3114 740 3157 lib
755 3127 846 3155 ros
882 3112 949 3154 de
985 3107 1245 3168 Legibus
1282 3114 1339 3154 te
1354 3109 1522 3154 rtiam
1562 3124 1582 3154 s
1596 3106 1916 3166 criptorum

224 3197 289 3242 ΡΙ
302 3213 329 3242 a
340 3203 359 3242 t
370 3212 397 3241 o
408 3212 436 3241 n
449 3198 531 3241 ico
541 3213 565 3242 ι·
578 3213 607 3242 ιι
618 3213 665 3242 ιιι
695 3199 814 3241 clas
827 3212 847 3239 s
858 3211 882 3239 e
893 3212 939 3239 m
968 3193 1200 3248 conficere,
1220 3200 1389 3239 ceteros
1409 3199 1559 3238 autem
1582 3194 1721 3237 libros
1745 3207 1911 3254 omnes,

220 3282 298 3339 qui
326 3283 462 3340 vulgo
490 3282 667 3327 Platoni
695 3283 968 3334 tribuuntur,
997 3280 1092 3324 eius
1113 3281 1294 3338 ingenio
1317 3291 1496 3337 prorsus
1520 3279 1726 3336 indignos
1752 3278 1911 3335 videri,

218 3368 358 3414 verbo
366 3380 638 3415 moneamus.
679 3368 832 3424 Neque
854 3366 974 3411 enim
984 3363 1230 3424 copiosiore
1239 3379 1349 3423 opus
1360 3370 1428 3412 est
1447 3362 1757 3423 disputatione.
1795 3365 1911 3411 Nam
