2040 3646
15 3367 34 3402 i?

32 3424 35 3434 ,
61 3419 75 3428 .

11 3410 38 3521 ᾗ
49 3471 55 3480 .

20 3519 42 3558 fi

40 3589 46 3602 ῐ

637 155 742 208 AD
776 136 1261 209 PHAEDONEM.
1762 158 1800 214 9

106 293 264 348 Itaque
281 278 570 348 dissiparinil
596 291 781 357 poterit,
831 291 919 335 nisi
944 290 1062 348 quod
1089 304 1143 334 ex
1166 289 1371 348 partibus
1393 286 1452 334 sit
1486 270 1795 347 compositum.

110 356 338 420 Quocirca
367 363 620 417 videamus-5
665 378 724 408 an
746 363 902 407 cadere
928 362 1158 406 dissolutio
1181 361 1320 418 possit
1341 360 1387 404 in
1411 360 1550 405 animi
1573 363 1796 418 naturam.

100 435 315 489 Discerni
338 440 488 478 autem
509 435 687 478 omnino
719 438 900 490 possunt
929 435 1016 477 duo
1048 446 1201 476 rerum
1230 426 1420 489 genera,
1460 432 1651 474 alterum
1675 445 1797 488 com-

105 506 300 562 positum
313 537 337 560 ‚,
357 506 543 562 simplex
575 508 778 550 alterum.
836 506 956 548 Illud
982 504 1187 547 continua
1216 504 1356 546 fertur
1383 502 1627 559 agitatione
1654 517 1799 567 neque

106 591 304 632 unquam
327 582 476 620 manet
499 577 547 620 in
580 582 695 621 statu
715 577 896 629 eodem,
935 580 1067 631 atque
1088 573 1285 630 corporis
1317 574 1517 616 sensibus
1545 573 1799 627 subiectum

107 640 187 691 est.
246 649 472 701 Alterum,
501 649 618 703 quod
638 648 776 690 nullis
789 647 988 704 partibus
1008 649 1177 689 constat
1198 645 1386 699 ideoque
1408 658 1436 686 a
1463 645 1617 700 quavis
1653 649 1800 687 muta-

107 719 229 762 tione
246 719 442 762 liberum
463 724 528 761 est
560 724 604 761 et
633 719 854 770 immune,
893 732 981 760 non
1009 720 1152 773 potest
1179 729 1360 771 corpore
1391 730 1585 770 unquam
1625 719 1800 758 contre-

109 790 243 843 ctari,
288 791 364 833 sed
386 791 479 832 sola
509 794 656 832 mente
690 788 1090 845 comprehenditur.
1162 786 1550 843 Quemadmodum¹
1582 801 1687 829 vero
1718 787 1801 830 du-

107 860 235 904 bium
253 875 341 903 non
362 865 453 913 est,
483 874 639 916 corpus
666 861 773 916 quin
791 859 1048 902 habendum
1075 859 1134 901 sit
1153 858 1202 901 in
1234 872 1416 900 numero
1446 872 1598 901 rerum
1620 871 1801 913 compo-

107 919 322 984 sitarum3
350 931 417 977 ita
431 922 629 974 animum
651 933 707 975 ad
725 934 903 975 naturas
923 929 1147 986 simplices
1160 929 1439 971 referendum
1460 943 1554 974 esse
1576 928 1682 971 satis
1705 943 1801 985 cer-

107 1001 165 1044 tis
188 1001 336 1044 doceri
358 1006 502 1058 potest
521 1002 811 1058 argumentis.
868 1001 957 1044 Hic
977 1001 1096 1043 enim
1110 1015 1199 1043 non
1220 1003 1286 1042 est
1303 999 1636 1055 adspectabilis:
1666 1014 1799 1055 porro

107 1070 157 1114 in
178 1073 366 1116 veritate
385 1073 698 1130 investiganda
720 1078 764 1116 et
787 1072 1123 1128 contemplanda
1149 1085 1286 1127 quum
1310 1085 1521 1113 sensuum
1540 1085 1621 1126 ope
1644 1071 1800 1129 utitur,

105 1141 217 1186 adeo
237 1158 325 1186 non
347 1143 547 1199 pervenit
569 1145 624 1186 ad
650 1144 744 1187 eius
773 1133 1099 1200 cognitionem,
1142 1147 1191 1186 ut
1217 1141 1408 1185 maxime
1441 1142 1723 1197 perturbetur
1750 1145 1801 1191 ‚et

109 1213 238 1268 quasi
259 1214 479 1272 vertigine
502 1215 794 1271 corripiatur3
825 1229 962 1270 quum
988 1218 1137 1257 autem
1165 1228 1212 1257 se
1236 1227 1264 1257 a
1286 1226 1470 1269 corpore
1498 1211 1625 1267 quasi
1650 1226 1803 1268 segre-

108 1288 240 1341 gatus
263 1285 310 1328 in
333 1301 380 1328 se
397 1287 545 1342 ipsum
567 1287 775 1343 collegit,
817 1291 924 1346 tum·
938 1300 1047 1328 vero
1070 1284 1250 1341 attingit
1280 1284 1567 1340 sempiternas
1592 1282 1696 1326 illas
1729 1297 1802 1325 re-

75 1415 79 1419 .
109 1369 211 1398 rum
243 1357 412 1412 species
439 1362 483 1400 et
510 1358 700 1410 formas,
757 1371 869 1412 quae
900 1358 1021 1400 solae
1053 1357 1222 1399 habent
1250 1354 1449 1399 veritatis
1485 1353 1800 1414 cognitionem.

109 1419 348 1471 Praeterea
370 1428 570 1471 animum
586 1430 803 1471 habemus
825 1428 1140 1484 imperantem,
1180 1427 1376 1483 corporis
1411 1425 1587 1468 servitio
1617 1425 1803 1479 utimur,

109 1503 161 1540 ut
189 1499 295 1543 hinc
319 1514 492 1556 quoque
510 1499 705 1556 intelligi
725 1499 862 1556 possit
898 1499 1030 1542 illum
1055 1512 1206 1541 rerum
1239 1497 1509 1553 simplicium
1532 1510 1675 1552 neque
1703 1511 1804 1539 mu-

108 1569 269 1613 tationi
297 1571 598 1614 subiectarum
625 1571 780 1628 generi
809 1584 903 1613 csse
934 1570 1127 1614 similem
1156 1573 1288 1625 atque
1319 1572 1569 1628 cognatum.
1632 1566 1803 1627 Quodsi

110 1644 260 1683 autem
276 1656 435 1684 verum
459 1645 540 1695 est,
571 1644 687 1699 quod
703 1642 919 1694 diximus3
950 1641 1164 1697 sequitur,
1189 1644 1238 1682 ut
1263 1639 1436 1683 animus
1457 1653 1683 1694 nunquam
1713 1639 1804 1683 dis-

110 1701 307 1755 solvatur
329 1717 373 1756 et
390 1713 590 1766 intereat,
619 1714 695 1756 sed
718 1713 853 1756 etiam
873 1727 926 1755 cx
946 1727 1129 1769 corpore
1155 1725 1359 1768 egressus
1387 1711 1513 1752 duret
1537 1715 1580 1753 et
1602 1714 1798 1769 maneat.

111 1783 267 1826 Abibit
285 1788 448 1838 autem,
476 1785 516 1827 si
537 1785 714 1840 quidem
739 1798 786 1827 se
808 1788 978 1827 castum
998 1797 1246 1840 purumque
1271 1797 1299 1825 a
1322 1781 1518 1837 corporis
1538 1781 1804 1838 contagione

103 1855 379 1909 servaverit,
406 1855 455 1901 iu
477 1857 688 1899 coelestes
707 1869 928 1912 purasque
946 1855 1152 1912 regiones
1168 1867 1305 1913 ⁹.‘l¹¹⁰.
1332 1857 1376 1896 et
1398 1866 1483 1909 ego
1514 1866 1618 1896 mox
1651 1867 1806 1909 perve-

112 1924 257 1981 niam,
296 1926 449 1982 ibique
469 1940 641 1979 errore,
683 1926 958 1982 ignorantia,
1011 1925 1323 1981 cupiditatibus
1339 1957 1353 1978 ,
1396 1923 1543 1977 vitiis,
1584 1924 1806 1967 liberatus

112 1997 293 2040 beatum
315 2001 358 2039 et
377 1986 638 2042 ⁴immortale
662 1997 795 2053 deget
823 2010 994 2042 aevum.
1053 1997 1134 2040 Sin
1168 1999 1340 2047 autem,
1363 1994 1486 2040 ,dum
1518 1996 1636 2048 hanc
1665 1995 1806 2046 vitam

115 2072 298 2123 ageret,
336 2083 426 2110 non
459 2067 624 2110 studuit
658 2082 705 2110 se
726 2082 754 2110 a
786 2068 982 2123 corporis
1006 2067 1212 2118 societate
1232 2065 1452 2121 liberare,
1498 2066 1627 2121 eique
1651 2066 1716 2110 ita
1735 2065 1807 2108 in-

116 2137 276 2191 dulsit,
304 2143 356 2180 ut
378 2138 472 2181 eius
495 2139 757 2196 contagione
775 2140 1048 2194 pollueretur
1075 2142 1120 2180 et
1141 2138 1293 2180 labem
1315 2137 1622 2188 contraheret3
1659 2150 1713 2178 ex
1732 2150 1806 2179 su-
1855 2169 1859 2174 .

115 2209 365 2266 perioribus
384 2210 645 2266 regionibus
667 2225 745 2266 per
763 2223 1021 2265 corpoream
1033 2209 1126 2252 vim
1143 2208 1273 2250 humi
1295 2208 1522 2263 depressus
1543 2207 1589 2253 in
1611 2206 1807 2250 tenebris

116 2294 170 2324 ac
191 2281 398 2336 squalore
417 2281 667 2334 volutatur,
696 2281 896 2336 adeoque
919 2281 1062 2323 denuo
1080 2279 1306 2335 alligatur,
1323 2278 1616 2326 animantium
1651 2292 1808 2334 corpo-

115 2350 255 2396 ribus.
314 2354 440 2408 Quae
462 2367 600 2408 quum
620 2352 684 2396 ita
702 2352 812 2404 sint,
843 2351 1100 2408 philosophi
1120 2352 1208 2392 hoc
1228 2353 1294 2392 est
1319 2349 1514 2392 officium
1527 2380 1540 2402 ‚
1581 2352 1630 2391 ut
1647 2348 1806 2404 spretis

119 2423 317 2479 corporis
338 2423 640 2479 voluptatibus
666 2423 865 2467 animum
894 2422 1059 2480 dirigat
1085 2426 1130 2464 et
1162 2425 1386 2464 convertat
1409 2420 1465 2463 ad
1490 2431 1628 2475 purae
1662 2418 1807 2462 since-

116 2508 284 2550 raeque
301 2494 512 2539 bonitatis
525 2528 538 2550 ,
567 2493 910 2550 pulchritudinis
941 2499 984 2536 et
1003 2492 1202 2536 veritatis
1225 2489 1660 2548 contemplationem:
1701 2504 1807 2534 nam

119 2560 185 2611 ita
209 2565 387 2608 demum
407 2565 451 2607 ei
472 2566 720 2622 continget,
758 2570 807 2607 ut
827 2565 883 2608 ad
910 2565 1042 2607 deum
1069 2564 1368 2610 immortalem
1390 2560 1619 2620 perveniat
1643 2560 1807 2618 sempi-

119 2639 333 2693 ternaque
353 2637 524 2679 fruatur
546 2637 756 2680 felicitate
776 2641 820 2678 et
845 2636 1073 2683 beatitate.

289 2707 393 2763 Cap.
415 2708 577 2750 XXXV
599 2732 656 2745 -
680 2707 901 2751 XXXVII.
959 2708 1084 2750 Haec
1101 2719 1238 2762 quum
1257 2704 1460 2749 Socrates
1483 2704 1686 2759 dixisset,
1723 2703 1809 2747 ali-

119 2775 334 2835 quamdiu
354 2777 579 2821 silentium
602 2778 685 2822 fuit
701 2810 714 2831 ‚
742 2778 1061 2833 videbaturque
1080 2777 1174 2833 ipse
1195 2790 1344 2818 secum
1367 2779 1573 2832 reputare
1601 2779 1645 2818 et
1666 2773 1809 2817 medi-

120 2847 211 2890 tari
231 2860 313 2900 ea,
352 2862 465 2903 quae
490 2849 621 2892 modo
644 2849 933 2894 disseruisset.
992 2849 1194 2892 Tandem
1215 2848 1355 2891 Cebes
1389 2851 1433 2890 et
1454 2846 1662 2889 Simmian
1687 2859 1807 2889 sum-
1862 2892 1865 2895 ,

121 2918 259 2965 missa
273 2931 381 2961 voce
400 2919 517 2962 inter
537 2933 583 2961 se
605 2920 799 2975 colloqui
819 2925 1066 2976 coeperunt.
1125 2919 1254 2974 Quod
1275 2918 1624 2962 animadvertens
1642 2907 1809 2967 ⁴Socra--

123 2992 214 3042 tes,
262 2989 390 3046 quid,
443 2989 613 3045 inquit,
651 2991 778 3035 vobis
809 2992 862 3032 de
887 3005 988 3033 mea
1014 2990 1188 3034 videtur
1212 2987 1540 3046 disputatione?
1592 2985 1809 3043 numquid

123 3059 251 3103 vobis
283 3075 372 3103 non
404 3060 648 3104 satisfacit?
705 3062 838 3118 Agite
871 3060 1038 3117 igitur,
1086 3060 1126 3103 si
1160 3060 1266 3116 quid
1292 3060 1470 3105 habetis
1504 3057 1810 3109 dubitationis,

110 3130 262 3184 ‚nolite
282 3130 396 3176 illud
417 3145 490 3179 me
514 3132 683 3185 celare,
723 3146 810 3189 quo
835 3131 1052 3187 possimus
1081 3131 1370 3180 communiter
1398 3129 1604 3187 persequi
1634 3128 1812 3171 institu-

123 3202 218 3247 tam
234 3201 542 3258 disputationis
561 3202 704 3256 viam,
735 3203 774 3245 si
806 3202 985 3258 quidem
1006 3202 1133 3246 vobis
1152 3202 1382 3257 placuerit.
1441 3200 1564 3242 Tum
1586 3192 1810 3250 Simmias,

128 3269 300 3324 dicam,
317 3271 504 3338 .<i¹¹q¹¹it’
531 3271 654 3328 ‘quod
677 3287 747 3316 res
772 3276 853 3316 est.
910 3273 1092 3322 Etenim
1112 3272 1204 3315 iam
1230 3273 1397 3315 dudum
1414 3274 1599 3325 uterque
1614 3272 1814 3313 nostrum

130 3339 600 3394 attexum‘cohortatur
629 3347 673 3389 et
684 3343 890 3403 instigat,
920 3350 970 3394 ut
990 3348 1034 3389 te
1052 3344 1316 3400 interroget:
1346 3354 1548 3391 veremur
1571 3343 1736 3393 autem,
1757 3351 1814 3385 uo.
