2040 3646
763 187 1197 246 SYMPOSIUM.

1745 190 1815 246 53

122 318 309 384 Ἤλιδι
333 323 431 401 μὲν
463 324 567 406 γὰρ
599 322 694 386 καὶ
724 322 781 386 ἐν
806 328 1068 397 Βοιωτοῖς
1090 324 1184 385 καὶ
1215 314 1291 399 οὖ
1321 320 1398 403 μὴ
1432 320 1604 401 σοφοὶ
1638 320 1813 401 λέγειν

135 403 323 481 ἅπλῶς
345 411 769 488 νενομοθέτηται
789 406 961 468 καλὸν
982 406 1047 468 τὸ
1070 391 1390 487 χαρίζεσθαι
1412 407 1676 484 ἐρασταῖς,
1716 407 1811 465 καὶ

135 490 245 551 οὐκ
291 517 362 554 αν
399 515 481 568 τις
515 497 659 601 εἴποι
693 490 824 551 οὔτε
858 494 986 566 νέος
1018 491 1147 553 οὔτε
1182 489 1416 564 παλαιὸς
1460 489 1534 564 ὥς
1566 489 1814 569 αἰσχρόν,

136 578 251 650 ἱνα,
295 574 552 656 οἶμαι,μ
513 577 590 659 μὴ
615 575 880 655 πραγματ’
909 579 1068 655 ε’χωσι
1088 577 1233 660 λόγῳ
1256 575 1576 654 πειρώμενοι
1599 578 1811 636 πείθειν

134 683 272 734 τους
296 664 488 737 νέους,
531 662 622 722 α’τε
648 662 911 722 ἀδύνατοι
934 663 1123 741 λέγειν·
1164 667 1264 764 τῆς
1285 662 1343 720 δε
1364 659 1567 732 Ἰωνίας
1587 661 1681 718 καὶ
1711 657 1825 718 αλ-“

135 750 270 805 λοθι
292 752 577 825 πολλαχοῦ
602 744 829 824 αἰσχρὸν
849 746 1186 824 νενόμισται,
1230 742 1357 805 οσοι
1378 742 1496 803 ὑπὸ
1517 743 1816 822 βαρβαροις
1871 766 1874 769 ⁴

137 832 375 890 οἰκοῦσι.
417 839 532 904 τοῖς
555 828 658 910 γὰρ
684 830 981 909 βαρβάροις
1001 828 1094 890 δια
1115 854 1213 903 τας
1237 829 1566 908 τυραννίδας
1587 826 1835 907 αἰσχρὰν-

135 915 304 974 τοῦτό
329 939 387 994 γε
403 959 418 989 ,
459 918 553 974 καὶ
576 914 615 995 ἦ
634 939 691 994 γε
717 916 1028 993 φιλοσοφία
1049 916 1142 974 καὶ
1165 913 1202 995 ἡ
1228 914 1707 993 φιλογυμναστίαρ
1738 910 1814 973 οὔ

134 998 266 1078 γάρ,
308 996 486 1076 οἶμαι,
529 999 801 1077 συμφέρει
822 1006 938 1072 τοῖς
976 997 1210 1078 ἄρχουσι
1246 997 1571 1079 φρονήματα
1609 996 1814 1077 μεγάλα

135 1083 473 1163 ἐγγίγνεσθαι
509 1089 618 1145 τῶν
653 1082 991 1163 ἀρχομένων,
1058 1081 1196 1146 οὐδὲ
1233 1083 1422 1164 φιλίας
1456 1079 1686 1204 ἰσχυρὰς
1721 1083 1815 1143 καὶ

136 1287 177 1329 p.
195 1271 265 1316 53
284 1273 337 1317 Ε.
367 1271 463 1329 λέγε
484 1272 814 1345 σαφέστερον-
842 1266 870 1316 o'
892 1286 940 1315 τι

136 1328 210 1383 λέγ
215 1346 290 1380 εις.
349 1331 501 1374 Socr.
549 1326 686 1375 οὐδὲν
714 1330 939 1374 ποικίλον.

136 1387 256 1430 Tim.
280 1387 407 1442 p.59.
428 1389 476 1430 C.
508 1389 700 1458 Gorg.p
705 1388 831 1431 .491.
853 1388 910 1429 D.

195 1443 244 1487 ἐν
251 1403 405 1488 ”Ηλιδι
422 1460 506 1500 μέν
525 1442 612 1504 ’γὰρ
637 1461 678 1488 κ.
673 1403 754 1499 p—]
785 1443 944 1488 Paullo

136 1501 267 1544 aliter
316 1502 562 1545 Pausanias
621 1516 676 1557 ap
679 1502 740 1543 ud
798 1502 947 1544 Xeno-

136 1559 347 1613 phontem
394 1559 529 1615 Symp
533 1574 595 1601 os.
624 1559 739 1600 VIII.
770 1561 809 1611 §-
839 1557 946 1600 32-
980 1552 982 1555 ’

135 1614 207 1658 35.
265 1617 333 1657 De
356 1616 554 1659 moribus
574 1615 947 1658 Lacedaemonio-

135 1672 259 1723 ἰιιιιι,
306 1673 382 1727 qui
417 1673 493 1714 hic
531 1677 945 1724 commemorantur,

137 1743 208 1841 ι..
311 1729 940 1829 ια.ιιιιιιιιῑ

138 1857 182 1897 p.
209 1840 307 1884 237.
332 1843 386 1885 Β.
428 1843 651 1885 Aelian.
689 1844 738 1886 V.
771 1843 830 1884 H.
857 1842 940 1883 ΙΙΙ.

138 1898 303 1941 10.12.
353 1900 390 1942 P
402 1900 487 1941 lut
499 1913 554 1941 ar
565 1915 588 1940 c
602 1900 648 1941 h.
672 1899 719 1941 in
746 1900 941 1954 Lycurg.

139 1970 182 2011 p.
206 1954 293 1996 200
316 1970 379 2010 sq.
413 1956 480 1999 ed.
514 1956 622 1998 Reis
619 1957 667 1998 k.
721 1957 790 1997 De
822 1955 946 1996 The-

140 2012 269 2054 banis
289 2012 871 2055 v.Aelian.v.H.X111.
900 2008 945 2054 5.

140 2069 324 2111 Athen
339 2083 443 2111 ιιοιι
458 2084 477 2110 s
505 2069 628 2111 XIII.
656 2068 698 2112 2.
753 2067 942 2111 Davis.

141 2125 199 2167 ad
247 2127 365 2168 Max.
417 2126 542 2181 Tyr.
567 2126 723 2168 XXIV.
802 2122 942 2168 ..455

140 2183 348 2237 XXVI
353 2175 453 2225 .2¹2'.
512 2183 580 2224 De
606 2183 730 2224 Eleis
753 2140 797 2223 vp
834 2182 873 2222 X
889 2195 944 2221 e-

141 2253 171 2280 ιι
184 2254 246 2293 op
260 2240 307 2282 h.
330 2239 361 2281 S
362 2253 528 2295 y.mpos
549 2240 667 2282 VIII
683 2237 752 2282 35.
784 2238 837 2279 de
854 2238 946 2280 Re-

141 2297 265 2351 publ.
299 2297 402 2338 Lac.
438 2297 471 2338 l.
501 2311 539 2338 c.
580 2296 705 2338 Ael
692 2311 707 2337 1
720 2310 746 2337 a
758 2310 798 2336 n.
834 2295 864 2337 l.
906 2309 944 2337 c.

142 2353 244 2395 coll.
274 2354 313 2394 D
328 2352 462 2396 avis.
493 2352 523 2394 l.
543 2367 580 2397 c.
637 2352 776 2395 Plura
794 2351 950 2393 lauda-

139 2414 244 2452 runt
261 2409 501 2452 wolfius
520 2409 769 2452 etAstius
789 2407 948 2450 adh.l.

199 2467 282 2522 τῆς
303 2463 353 2509 δὲ
370 2462 540 2516 Ἰωνίας
559 2467 616 2522 -]
655 2467 754 2507 Hoc
768 2465 864 2507 vult
880 2463 947 2505 di·-

143 2536 270 2566 cere:
328 2537 455 2579 apu
480 2523 508 2564 d
556 2524 756 2565 Iones
811 2533 945 2563 vero

142 2579 256 2623 alio
271 2594 371 2634 squ
386 2594 411 2622 e
448 2581 685 2635 populos
712 2579 825 2620 mul
840 2583 947 2630 tos,

143 2636 245 2691 qui
272 2638 309 2679 P
326 2636 469 2679 ersis
509 2635 765 2680 subiecti
794 2637 948 2686 sunt,

143 2697 272 2748 turp
287 2708 312 2734 e
364 2693 616 2736 habetur
671 2697 754 2735 etc.
821 2691 948 2734 Ste-

141 2750 212 2850 ¹3?
216 2748 947 2873 ’3321§.¹⁹532‘23221’32‘2b333323

143 2864 292 2930 αἰσχρ.
316 2879 358 2908 ν.
411 2864 499 2907 Sed
521 2878 609 2906 non
631 2864 740 2915 hoc,
777 2862 946 2928 opinor,

142 2920 276 2973 dicit,
315 2921 362 2962 in
395 2921 564 2963 multi
577 2935 596 2963 s
622 2921 775 2962 Ioniae
799 2918 947 2986 regio-

143 2976 306 3019 nibus
291 2991 308 3018 1
312 2981 355 3021 ta
373 2977 427 3019 de
448 2992 506 3033 pu
509 2991 685 3019 erorum
704 2991 854 3019 amore
880 2975 950 3017 iu·-

144 3034 285 3076 dicari
297 3041 355 3085 ‚⁶
365 3035 442 3076 sed
489 3035 645 3076 Ionum
696 3048 721 3076 o
737 3048 782 3075 m
793 3048 822 3074 ιι
838 3033 853 3074 ἰ
863 3046 891 3073 ιι
901 3045 944 3073 ιιι

145 3090 423 3145 aliorumque
481 3092 744 3146 populorum
798 3089 949 3132 Persis

142 3147 443 3190 subiectorum
478 3161 623 3190 mores
670 3151 714 3189 et
749 3146 949 3188 instituta

141 3203 379 3270 significat.
435 3205 590 3271 Itaque
642 3203 752 3246 Thi
765 3218 788 3244 e
800 3218 821 3244 r
833 3218 852 3244 s
865 3217 888 3244 c
899 3203 946 3243 h.

143 3259 334 3329 Specim.
360 3260 520 3315 Crit.p
524 3259 633 3303 ,45
670 3260 864 3302 malebat
891 3259 948 3315 τῇ

144 3313 195 3359 δε
231 3311 390 3375 Ἰωνίᾳ.
457 3276 544 3359 Sed
581 3331 663 3358 nec
695 3318 782 3359 hoc
822 3316 948 3358 nobis

142 3371 268 3415 omni
294 3388 347 3416 ex
373 3377 496 3429 parte
527 3373 763 3416 satisfacit.
806 3372 949 3415 duris-

57 3475 61 3478 ,
143 3429 258 3474 sima
294 3430 412 3474 enim
453 3429 774 3475 constructione
811 3427 950 3476 subii-

1003 1276 1207 1316 cerentur
1235 1271 1372 1316 haec.
1410 1265 1514 1316 οσοι
1548 1265 1640 1316 ὑπὸ
1670 1269 1712 1328 β.
1729 1269 1815 1313 οἰ-

1003 1331 1152 1374 κοῦσι.
1210 1331 1361 1385 Quare
1405 1327 1600 1372 Astius
1638 1329 1719 1384 τῆς
1763 1326 1812 1369 in

1005 1389 1104 1437 τοῖς
1128 1388 1388 1429 mutandum
1413 1387 1642 1437 censebat3
1694 1383 1811 1439 quod

1006 1449 1154 1489 tamen
1181 1458 1336 1487 vereor
1367 1448 1416 1487 ut
1441 1443 1541 1485 fieri
1566 1446 1684 1484 recte
1710 1454 1812 1496 pos-

1007 1502 1087 1555 sit,
1126 1500 1211 1543 nisi
1243 1501 1378 1544 etiam
1415 1504 1516 1544 ante
1541 1493 1713 1548 Ἰωνίας
1742 1498 1812 1540 in-

1007 1563 1211 1625 terponas
1229 1557 1480 1600 articulum.
1521 1557 1676 1611 Itaque
1696 1554 1813 1607 vide,

1007 1630 1064 1658 ne
1091 1615 1310 1685 genitivus
1329 1615 1516 1670 pendeat
1545 1627 1572 1656 a
1590 1610 1811 1678 pronomi—

1008 1687 1064 1714 ne
1103 1669 1203 1715 ὅσοι
1230 1672 1304 1713 vel
1330 1671 1474 1726 potius
1503 1685 1529 1714 a
1554 1668 1813 1739 pronomine

1008 1728 1349 1772 demonstrativo
1416 1732 1518 1771 ante
1572 1721 1675 1770 σ’σοι
1743 1724 1814 1766 in-

1004 1785 1257 1853 telligendo.
1342 1784 1483 1828 Nemo
1519 1785 1639 1827 enim
1674 1782 1819 1824 offen-

1007 1843 1129 1884 dotet
1170 1842 1218 1883 in
1268 1839 1363 1884 hies
1420 1842 1504 1897 τῆς
1554 1839 1605 1884 δε
1643 1835 1813 1888 Ἰωνίας

1007 1898 1086 1942 καὶ
1118 1893 1265 1942 ἄλλων
1293 1899 1473 1942 πολλῶν
1509 1898 1670 1954 χωρῶν
1709 1891 1814 1940 ὅσοι

1005 1951 1097 2000 υπὸ
1160 1952 1414 2023 βαρβάροις
1470 1956 1664 2007 οἰκοῦσι,
1724 1967 1816 1995 πα-

1008 2010 1068 2071 ρὰ
1096 2027 1281 2062 τουτοις
1315 2009 1504 2069 αἰσχρὸν
1533 2009 1813 2080 νενόμισται.

1004 2072 1158 2139 Quum
1184 2074 1332 2112 autem
1353 2073 1504 2111 orator
1532 2073 1630 2124 post
1650 2067 1732 2137 τῆς
1763 2064 1815 2110 δὲ

1004 2121 1178 2176 Ἰωνίας
1191 2126 1406 2181 posuisset
1418 2125 1628 2168 adverbia
1648 2120 1816 2167 αλλοθι

1008 2183 1269 2254 πολλαχοῦ,
1326 2182 1492 2225 addidit
1540 2181 1689 2224 statim
1743 2181 1816 2224 αἰ-

1010 2238 1147 2298 σχρὸν
1167 2238 1456 2295 νενόμισται,
1497 2253 1610 2294 quae
1634 2238 1697 2280 sic
1724 2251 1814 2280 non

1010 2301 1211 2353 poterant
1228 2297 1456 2338 commode
1484 2296 1573 2338 alio
1592 2297 1690 2337 loco
1723 2296 1819 2337 col-

1011 2355 1175 2406 locari,
1204 2359 1335 2408 atque
1365 2353 1522 2394 deinde
1555 2347 1730 2394 demum
1757 2352 1816 2394 ad

1010 2410 1265 2453 inchoatam
1288 2412 1585 2462 stnucturam‚
1615 2423 1748 2464 quam
1767 2409 1817 2450 in

1011 2472 1159 2509 mente
1184 2467 1363 2518 habuit,
1403 2466 1564 2508 reverti
1600 2465 1818 2521 putandus

1012 2529 1090 2566 est.
1121 2525 1281 2567 Fateor
1307 2525 1581 2578 singularem
1601 2537 1694 2564 esse
1710 2536 1818 2565 ana-

1012 2581 1277 2632 coluthifflm
1327 2581 1403 2623 sed
1432 2584 1580 2622 tamen
1607 2579 1671 2622 ita
1695 2593 1819 2620 com-

1009 2642 1230 2693 paratam,
1271 2651 1382 2691 quae
1401 2651 1487 2678 non
1507 2640 1662 2692 cogat,
1691 2640 1741 2678 ut
1761 2635 1819 2678 ad

1011 2694 1285 2737 coniecturas
1306 2693 1476 2750 ingenii
1496 2693 1817 2763 confugiamus.

1068 2751 1117 2794 C.
1154 2749 1232 2793 καὶ
1262 2744 1293 2805 ἥ
1312 2765 1360 2805 γε
1386 2750 1640 2804 φιλοσοφία
1672 2748 1752 2792 καὶ
1786 2745 1818 2804 ἦ

1012 2810 1106 2862 φιλ.
1121 2807 1141 2863 ]
1185 2807 1298 2850 Nam
1326 2821 1564 2862 puerorum
1584 2821 1728 2858 amor,
1759 2810 1819 2856 ,ut
1852 2835 1871 2845 ,

1010 2866 1126 2907 bene
1168 2866 1373 2906 observat
1399 2862 1815 2919 Reyndersius‚

1012 2916 1062 2963 ut
1099 2920 1339 2975 plurimum
1374 2920 1420 2961 in
1448 2920 1815 2975 philosophorum

1013 2977 1179 3021 scholis
1216 2982 1260 3019 et
1287 2990 1472 3033 gymnas
1454 2977 1531 3018 siis
1574 2978 1815 3020 oriebatur.

1013 3048 1054 3076 v.
1083 3035 1277 3076 Amator.
1305 3049 1346 3089 p.
1372 3032 1441 3075 96.
1466 3035 1519 3077 A.
1542 3034 1596 3076 Β.
1625 3033 1815 3076 Cicer.

1013 3091 1196 3133 Tuscul.
1217 3090 1288 3132 IV.
1305 3049 1390 3134 ¹33.

1068 3145 1396 3204 φρονήματα-
1418 3146 1510 3188 τῶν
1531 3160 1699 3203 αρχομ
1682 3144 1816 3214 ένων]

1011 3205 1307 3272 Exspectabas
1339 3203 1535 3245 dativum
1567 3206 1666 3252 τοῖς
1681 3197 1819 3260 ἄρχο-

1011 3257 1191 3315 μένοις,
1221 3274 1350 3315 quem
1369 3264 1457 3301 tres
1476 3260 1599 3301 codd.
1631 3274 1732 3303 cum
1748 3259 1816 3302 ed.

1011 3318 1115 3359 Bas.
1151 3317 1191 3359 2.
1223 3317 1444 3359 exhibent.
1514 3316 1600 3358 Sed
1630 3317 1818 3359 duarum

1013 3373 1386 3416 constructionum
1415 3373 1669 3415 confusione
1691 3372 1820 3429 geni-

1011 3429 1128 3474 tivus
1150 3429 1338 3474 refertur
1357 3428 1414 3473 ad
1445 3427 1723 3488 φρονήματα
1741 3443 1819 3486 με*
