2040 3646
278 132 350 196 46
945 132 1185 184 PLATO
1193 133 1308 186 NIS

281 271 605 346 καταγελᾶν,
682 263 777 326 ἐὰν
810 274 1172 372 προςποιῆται
1223 270 1428 329 ἑαυτοῦ
1472 266 1636 342 εἶναι,
1702 269 1881 346 αλλως
1913 295 1969 333 τε

281 355 376 412 καὶ
415 348 595 424 οὕτως
630 348 808 410 ἄτοπα
845 350 991 412 ὄντα.
1077 353 1194 414 αλλ’
1240 377 1285 413 ω
1321 352 1466 432 πρὸς
1508 354 1676 429 Διός,
1761 356 1971 417 οὑτωσί

283 451 376 496 σοι
414 441 564 496 δοκῶ
600 434 807 496 οὐδένα
841 439 1080 515 νοιιίζειν
1118 436 1255 498 θεὸν
1293 435 1459 507 rivam
1548 439 1637 501 Οὔ
1676 440 1858 517 μέντοι
1890 440 1968 518 μὰ

263 518 376 588 ,Δί’
387 564 402 593 ,
456 518 582 580 οὐδ’
603 518 925 595 ὃπωςτιοῦν.
997 519 1257 597 ’Ἀπιστός
1290 522 1339 601 γ’
1375 520 1450 596 εἶ,
1505 548 1549 582 ω
1574 525 1820 605 Μέλητε,
1875 528 1970 585 καὶ

280 610 456 664 ταῦτα
495 605 708 710 μέντοι,
762 629 838 679 ως
873 607 991 683 ἐμοὶ
1019 611 1240 682 δοκεῖς,
1280 613 1485 668 (famei.
1542 609 1661 685 ἐμοὶ
1691 607 1795 688 γὰρ
1817 614 1973 671 δοκεῖ

281 687 506 762 οὑτοσί,
562 715 605 750 ω
642 687 836 768 ἄνδρες
868 689 1176 770 Ἀθηναῖοι,
1219 691 1371 752 πανυ
1404 703 1540 754 εἰναι
1574 691 1739 771 &flou
1707 691 1843 773 στῆς
1874 696 1970 754 καὶ

283 773 616 848 ἀκόλαστος,
669 777 764 833 καὶ
799 774 1030 853 ατεχνῶς
1064 800 1169 858 την
1203 775 1426 858 γραφὴν
1455 777 1664 858 ταύτην
1686 775 1844 855 ὕβρει
1863 779 1969 838 τινὶ

280 860 375 918 καὶ
413 858 681 942 ἀκολασίᾳ
723 861 818 919 καὶ
853 859 1064 942 νεότητι
1096 861 1437 967 γράψασθαι.
1497 864 1635 922 ἔοικε
1661 861 1766 941 γὰρ
1789 860 1967 941 ὥςπερ

156 957 240 1018 2¹3
281 946 499 1025 αἴνιγμα
521 918 826 1016 ξυντιθέντι
841 987 857 1020 ‚
901 947 1304 1030 διαπειρωμένῳ
1317 991 1334 1021 ,
1392 938 1528 1027 3Ἆρα
1549 945 1811 1027 γνώσεται
1837 952 1968 1008 Σω-

337 1130 442 1190 ἐμοὶ
462 1128 553 1202 γὰρ
575 1132 719 1188 δοκεῖ]
750 1132 895 1191 Vulgo
921 1130 1024 1190 ἐμοὶ
1040 1131 1124 1192 μὲν
1147 1130 1234 1194 γὰρ
1254 1134 1393 1180 δοκεῖ.
1423 1133 1511 1179 Sed
1523 1138 1644 1180 recte
1666 1134 1791 1179 codd.
1811 1133 1968 1192 optimi

277 1191 717 1306 μὲἒιῖιῐτῗέξῐριέἑιμξένῳ]
759 1246 904 1304 Vulgo
943 1247 1204 1300 ξυντιθέντι
1235 1247 1314 1295 καὶ
1346 1248 1716 1312 διαπειρωμένῳ.
1772 1249 1850 1293 sed
1886 1247 1969 1294 καί

279 1307 408 1353 codd.
428 1320 516 1350 non
540 1307 798 1362 agnoscunt.
829 1319 869 1348 v.
887 1310 1081 1351 annotat.

278 1446 402 1494 θέαν
432 1441 733 1505 ἄπεμιοθοῦν
762 1451 807 1494 et
835 1447 959 1493 θέαν
981 1464 1087 1504 ocyo-
1152 1450 1317 1506 placita
1349 1449 1397 1493 in
1435 1448 1677 1506 tragoediis
1709 1449 1803 1492 suis
1833 1462 1963 1505 saepe

315 1504 451 1558 άζειν.
483 1521 524 1550 v,
551 1508 657 1550 Leo
667 1507 818 1562 pard.
838 1508 1086 1550 Emendatt.
1153 1508 1356 1563 attigisse
1376 1508 1554 1549 demens
1559 1507 1692 1550 travit
1713 1506 1965 1551 Valcke-

277 1521 316 1612 ξ.
347 1563 417 1606 13.
446 1564 550 1606 coll.
575 1565 612 1606 F
623 1523 852 1606 islchero
881 1564 928 1606 in
946 1565 1085 1606 Indic.
1144 1578 1270 1608 nar.
1300 1563 1539 1607 Diatribe
1527 1579 1572 1606 ιιι
1601 1565 1782 1619 Fragm.
1807 1562 1961 1618 Eurip.

278 1620 336 1663 ad
357 1615 660 1676 Theophrasti
684 1621 974 1663 Characteres
993 1636 1026 1663 s.
1042 1636 1084 1663 V.
1151 1637 1194 1677 p.
1224 1621 1281 1663 29
1308 1637 1427 1677 sqq„
1484 1622 1555 1663 vel
1587 1625 1637 1662 ut
1668 1621 1966 1675 reprehende

277 1677 385 1722 θέα.
449 1678 760 1722 vendebantur
787 1682 935 1720 autem
964 1678 1087 1720 sedes
1151 1685 1249 1722 rent
1277 1683 1321 1720 et
1346 1678 1565 1730 riderem,
1618 1678 1736 1732 quod
1773 1679 1832 1720 ab
1861 1676 1963 1719 Ari-

275 1735 646 1779 aredemtoribus
676 1735 973 1787 theatrorum,
1011 1736 1088 1790 qui
1150 1736 1366 1791 stephane
1409 1736 1578 1778 factum
1611 1748 1707 1776 csse
1743 1733 1960 1777 novimus.

247 1846 249 1848 ι
275 1793 614 1848 appellabantur
668 1792 741 1834 vel
782 1750 1075 1861 θεατρᾰξναι,
1149 1793 1331 1846 Respici
1356 1793 1442 1834 hoc
1466 1792 1566 1833 loco
1594 1790 1875 1857 potissimum
1905 1790 1962 1833 ad

274 1851 349 1899 vel
393 1850 747 1907 θεατροπιόλαι,
805 1851 877 1891 vel
907 1846 1085 1906 οἷρχιτὲ-
1148 1850 1409 1905 Euripidem
1445 1863 1499 1892 ex
1537 1862 1589 1890 eo
1625 1847 1801 1890 videtur
1841 1852 1962 1890 reete

274 1921 456 1960 κτονες,
506 1911 556 1949 ut
591 1921 659 1962 ap.
704 1903 992 1950 Demostln.
1032 1906 1086 1949 de
1149 1906 1307 1963 colligi
1330 1920 1478 1962 posse,
1508 1904 1625 1960 quod
1646 1905 1755 1947 hic'
1741 1905 1962 1960 imprimis

276 1979 440 2009 corona
465 1980 505 2020 ι.)
528 1963 628 2016 234,
656 1962 727 2008 23.
757 1964 812 2007 T.
833 1964 867 2006 Ι.
905 1966 957 2006 cf.
983 1964 1088 2006 Ca·
1148 1964 1438 2019 Anaxagorae
1454 1961 1698 2004 doctrinam
1727 1962 1781 2004 de
1802 1963 1895 2005 sole
1915 1967 1960 2006 et

275 1980 510 2064 sauboil.
541 2021 597 2064 ad
627 2021 924 2076 ἸΜΙιεοΡΙιιιιεῐ.
949 2022 1085 2063 Char.

274 2078 336 2132 2.,
358 2093 410 2121 ac
431 2079 714 2120 solvebantur
728 2078 818 2119 rere
834 2078 932 2121 bini
950 2077 1088 2129 oboli,

276 2139 389 2179 teste
405 2135 704 2179 Demosthene
726 2135 765 2176 d.
780 2135 837 2187 1.,
865 2134 1087 2178 interdum

275 2193 414 2236 etiam
437 2191 641 2249 singulae
665 2192 927 2244 drachmae,
947 2196 998 2234 ut
1010 2191 1087 2234 do-

274 2250 369 2292 cuit
404 2250 439 2292 C
451 2263 478 2292 a
489 2264 507 2292 s
521 2263 587 2292 au
599 2250 628 2291 b
641 2263 667 2290 o
679 2264 721 2295 ιι.
748 2249 779 2292 l.
806 2264 842 2290 e.
856 2281 868 2300 ‚
898 2262 1088 2304 quocum

276 2308 475 2351 conferas
497 2321 612 2348 nunc
643 2307 682 2351 B
695 2320 720 2349 o
733 2320 758 2348 e
771 2321 794 2347 e
806 2306 835 2348 k
848 2306 906 2349 hi
918 2320 947 2347 ιι
959 2319 1005 2347 ιιι
1035 2306 1089 2348 de

279 2363 319 2406 Ο
343 2378 409 2406 ec
433 2378 504 2406 on
527 2377 553 2405 o
576 2377 636 2407 m.
694 2362 1087 2418 reipublicae

276 2421 473 2465 Athen.
511 2421 567 2463 Τ.
581 2421 616 2464 1.
643 2435 686 2476 p.
706 2419 897 2475 236sqq.
937 2421 1088 2475 Quum

274 2491 384 2520 ‘vero
406 2482 515 2520 teste
547 2476 1012 2546 Harpocratione
1042 2480 1087 2518 et

275 2535 456 2579 Suida
481 2549 516 2578 s.
538 2548 582 2577 v.
594 2531 811 2603 ,θεωρικά
835 2538 878 2576 et
898 2532 1085 2574 Schol.

273 2592 461 2638 lanciani
478 2592 534 2634 ad
548 2590 727 2634 Timon.
747 2590 804 2632 Τ.
816 2590 901 2644 Lp
905 2588 967 2633 ..6
992 2603 1088 2631 ma-

273 2649 445 2693 ximum
453 2648 660 2706 pretium,
688 2647 805 2703 quod
815 2646 971 2688 liceret
983 2659 1087 2688 con-

274 2705 423 2758 stitui,
473 2706 687 2748 drachma
717 2719 763 2746 es
768 2708 857 2758 set,
903 2718 983 2745 nec
1004 2717 1086 2745 un·-

272 2777 407 2818 quam
427 2767 574 2817 posset
597 2776 626 2805 ιι
647 2736 967 2803 redemtoi·ibus
990 2774 1087 2802 ma-

271 2819 344 2863 ior
374 2834 544 2862 merces
575 2817 721 2875 exigi3
763 2817 894 2860 facile
917 2816 1085 2859 intelli-

216 2924 227 2936 ·
272 2877 422 2934 gitur,
452 2891 532 2919 cur
558 2876 762 2918 Socrates
789 2874 906 2918 dicat
938 2867 968 2916 ἃ
992 2872 1084 2926 ἕξε-

273 2947 402 2987 στιν,
432 2933 476 2977 εἰ
494 2931 619 2976 πάνυ
648 2931 846 2983 πολλοῦ,
877 2931 1083 2987 δραχμῆς

271 2992 519 3061 πρίασθαι
562 2989 649 3032 Sed
670 2988 888 3043 quomodo
905 2989 1083 3031 tandem

269 3048 354 3093 illa
403 3047 568 3104 placita
616 3046 982 3101 philosophorum
1035 3046 1082 3088 iu

270 3107 447 3148 theatro
479 3107 679 3160 poteraut
707 3102 953 3158 cognosci?
1001 3103 1082 3146 Ni-

269 3163 437 3206 mirum
488 3165 658 3202 constat
694 3165 845 3214 poetas
885 3160 1082 3202 scenicos

268 3230 585 3286 saepenumero
609 3215 975 3282 philosophorum
988 3217 1084 3272 opi-

269 3275 426 3319 niones
470 3278 513 3316 et
550 3275 640 3328 dog
622 3278 760 3316 mata
794 3272 957 3316 sabulis
991 3274 1081 3316 suls

267 3331 532 3382 inseruisse,
574 3331 650 3373 τοι
666 3335 716 3372 ut
740 3343 815 3372 eos
837 3330 1081 3383 laudarent,

269 3392 320 3436 ut
343 3363 598 3446 Eurupid'eu,
640 3400 773 3443 quem
794 3387 1083 3445 Anaxagorae

1150 2021 1291 2063 luna
1278 2035 1324 2062 m
1347 2034 1522 2063 scenam
1547 2018 1736 2071 induxit,
1786 2019 1840 2061 de
1870 2033 1960 2075 qua

1150 2092 1200 2120 re
1229 2077 1330 2120 wide
1357 2091 1469 2133 quae
1493 2076 1696 2118 dixerunt
1718 2077 1961 2119 Valcke-

1151 2149 1261 2202 nar..
1293 2136 1382 2177 l..e
1410 2149 1451 2188 p
1469 2132 1541 2176 31.
1564 2138 1608 2175 et
1635 2135 1865 2176 Porsen.
1901 2134 1958 2175 ad

1150 2193 1187 2234 F
1171 2206 1303 2246 unp
1362 2191 1507 2233 Or.est
1557 2204 1598 2233 v.
1626 2189 1726 2233 931.
1785 2205 1826 2245 p.
1855 2189 1954 2235 192.

1154 2249 1220 2291 ed.
1243 2249 1363 2304 Lips.
1380 2262 1466 2290 sec.
1526 2247 1636 2289 Sens
1621 2262 1690 2288 us
1708 2247 1843 2289 totius
1867 2247 1959 2290 loci

1150 2305 1228 2348 hie
1250 2320 1294 2347 e
1277 2312 1338 2348 t
1378 2303 1609 2347 Melitus
1638 2304 1720 2347 ait
1745 2317 1841 2346 me
1858 2305 1958 2346 So-

1150 2362 1260 2405 lem
1288 2362 1560 2417 lapidem,
1599 2361 1810 2403 Lunam
1838 2364 1956 2404 ter-

1150 2433 1267 2462 ram
1306 2378 1516 2460 dipeere.
1574 2418 1771 2459 Verum
1808 2417 1954 2461 enim

1151 2490 1283 2518 vero
1333 2474 1556 2518 iudices
1609 2473 1799 2517 sciunt
1847 2475 1953 2518 hoc

1151 2546 1275 2576 esse
1296 2532 1664 2598 Anaxagorae
1687 2545 1955 2574 commen-—

1148 2594 1278 2632 tum.
1337 2588 1496 2643 Quod
1538 2587 1586 2630 si
1625 2587 1767 2631 mihi
1804 2588 1959 2632 illud

1148 2646 1496 2697 tribuerem,
1545 2644 1783 2687 iuvenes
1826 2660 1958 2701 poe-

1150 2708 1277 2747 sent
1311 2703 1485 2745 istam
1521 2715 1700 2745 meam
1734 2703 1954 2748 vanita-

1150 2764 1264 2803 tem
1303 2760 1398 2803 vel
1443 2773 1469 2800 e
1506 2758 1952 2805 scenicorum

1148 2822 1443 2873 poetarum
1482 2815 1712 2858 fabulis
1741 2830 1953 2873 cogno-

1147 2889 1310 2917 scere
1340 2887 1595 2929 eamque,
1623 2877 1683 2917 ut
1711 2887 1811 2931 par
1837 2877 1950 2955 est,

1146 2931 1357 2979 ridere.

1201 3046 1253 3089 P.
1280 3044 1350 3087 27.
1411 3038 1558 3101 ὥςπερ
1586 3042 1775 3112 αἴνιγμα
1802 3034 1952 3097 ξυντμ-

1145 3101 1314 3154 θὲντι,
1369 3100 1762 3168 διαπειρωμένῳ]
1812 3101 1953 3144 Recte

1145 3159 1401 3204 Fioinus.
1434 3159 1656 3200 videtur
1677 3157 1823 3199 enim
1849 3171 1948 3200 ceu

1146 3216 1421 3273 aenigma
1473 3215 1750 3270 quoddam
1801 3228 1949 3257 com-

1147 3288 1387 3330 ponere,
1444 3275 1693 3323 tentans,
1749 3284 1816 3314 an
1847 3270 1953 3313 So·-

1147 3335 1331 3374 crates
1359 3334 1471 3381 etc.;
1524 3344 1605 3371 nec
1640 3343 1750 3383 opus
1779 3332 1845 3370 est
1870 3324 1952 3370 καί

1144 3388 1386 3445 particula,
1426 3400 1538 3443 quae
1564 3386 1700 3444 vulgo
1728 3388 1842 3432 ante
1849 3385 1951 3431 δια-
2018 3433 2028 3442 ,

1702 3470 1727 3496 0
1794 3483 1822 3509 ο
