2040 3646
806 168 1120 223 PHAEDO.·
1724 161 1788 226 77

118 306 179 365 δὲ
205 278 282 386 μὴ
309 305 487 384 ταύτῃ
510 328 599 386 γε,
641 303 776 386 ἔφη,
816 307 1026 380 πείθει,
1066 331 1112 366 ω
1088 296 1375 384 ’Σιμμῖα,
1415 301 1448 365 6
1469 304 1786 387 Σωκράτης,

118 390 336 464 σκέψαι,
379 389 474 451 ἐὰν
511 391 643 468 τῇδέ
674 391 753 469 πή
791 406 882 451 σοι
920 392 1282 474 σκοπουμένω
1315 389 1572 469 συνδόξῃ.
1658 389 1787 451 ἄπι-

117 481 260 547 στεῖς
299 473 403 554 γὰρ
453 473 524 556 δὴ
575 480 693 548 πῶς
741 472 787 556 ἡ
820 476 1134 579 καλουμένη
1161 476 1430 581 μάθησις
1489 474 1789 556 ἀνάμνησίς

116 558 292 627 ἔστινξ
327 557 556 619 Ἀπιστῶ
576 560 727 637 ιιὲν”
696 581 882 639 εγωγε,
924 550 964 640 ἦ
990 559 1038 619 6⁹
1064 558 1127 633 ὃς
1149 555 1182 619 6
1215 562 1471 636 Σιμμίας,
1514 558 1605 633 οὕ,
1650 558 1787 620 αὕτό
1872 591 1878 593 ’

115 644 175 701 δὲ
196 645 389 716 τοῦτο,
433 645 568 725 ἔφη,
611 644 802 721 δέομαι
841 648 1058 717 παθεῖν,
1096 645 1221 721 περὶ
1255 647 1330 704 οὐ
1352 642 1384 703 6
1416 644 1609 723 λόγος,
1652 644 1788 705 ἄνα-

114 733 447 808 μνησθῆναι·
530 729 625 786 καὶ
649 727 845 805 σχεδόν
865 751 923 807 γε
961 727 1020 799 ἐξ
1037 732 1116 788 ὠν
1143 728 1332 808 Κέβης
1368 729 1671 817 ἐπεχείρησε
1694 730 1787 789 λέ·-

113 835 227 890 γειν
249 810 359 892 ἤδη
382 811 652 892 μέμνημαι
689 814 782 870 καὶ
803 814 1079 889 πείθομαι·
1147 811 1315 872 ουδὲν
1348 811 1491 889 μέντ’
1526 811 1594 873 α“ν
1625 817 1787 893 ἠττον

116 894 377 998 ἀκούοιμι
411 900 519 955 νῦν
557 893 635 954 σύ
680 901 762 972 πῇ
795 895 1141 1000 ἐπεχείρησας
1176 897 1363 976 λέγειν.
1470 899 1670 975 Τῇδε
1652 899 1784 977 ε’γω-

111 1002 201 1058 γε,
247 970 283 1060 ἦ
308 978 358 1039 6'
393 977 469 1052 ὅς.
557 977 932 1085 ὁμολογξιῦιιεν
969 979 1072 1060 γὰρ
1110 981 1331 1061 δηπου,
1384 981 1442 1040 εἴ
1462 982 1544 1055 τίς
1570 1004 1622 1041 τι
1649 982 1785 1042 ἅνα-

109 1062 516 1144 μνησθήσεται,
558 1068 671 1125 δεῖν
696 1061 868 1125 αυτὸν
899 1070 1068 1124 τοῦτο
1092 1062 1371 1144 πρότερόν
1406 1082 1536 1126 ποτε
1565 1067 1784 1126 ἐπίστα-

113 1155 264 1208 σθαι.
355 1147 526 1208 Πανυ
545 1172 632 1228 γε,
675 1149 798 1229 ε’φη.
856 1139 968 1228 ἴἈρ
991 1140 1098 1210 οὖν
1127 1151 1221 1210 καὶ
1243 1149 1368 1210 τόδε
1394 1145 1789 1229 ὁμολογοῦμεν,

112 1230 244 1293 ὅταν
253 1232 548 1324 ἐπιστήμη
580 1236 970 1314 παραγίγνηται
1004 1234 1189 1318 τρόπω
1226 1257 1488 1318 τοιουτω,
1545 1259 1789 1317 αναμνη-

112 1331 202 1379 σιν
225 1325 392 1386 εἰναι,·
430 1318 568 1397 λέγω
591 1318 651 1378 δέ
676 1340 796 1378 τινα
819 1319 1026 1398 τρόπον
1048 1325 1264 1380 τοῦτον·
1301 1318 1395 1380 ἐαν
1421 1321 1503 1394 τίς
1529 1342 1580 1381 τι
1606 1321 1790 1432 ἕτερον

165 1482 329 1540 δέομαι
355 1482 562 1541 παθεῖν]
590 1485 718 1529 Libri
741 1500 891 1529 omnes
910 1487 1096 1542 μαθεῖν.
1126 1499 1168 1530 v.
1192 1489 1338 1530 annot

164 1561 276 1630 λέγω
305 1561 358 1606 δέ
385 1578 490 1607 τινα
516 1561 693 1618 τρόπον
719 1563 916 1621 τοῦτον]
945 1564 1075 1609 Bodl.
1103 1563 1300 1622 Tubing.
1313 1595 1327 1617 ‚
1357 1563 1452 1618 alii,
1480 1562 1590 1622 λέγω
1616 1562 1666 1610 δὲ
1684 1563 1788 1610 τίνα

106 1617 283 1676 τρόπον
309 1617 456 1665 τόνδε.
472 1620 587 1665 vide
610 1625 758 1666 annot.

978 1762 1160 1820 optandi
1196 1760 1530 1820 accipiendum.
1598 1760 1787 1806 nihilo

978 1827 1168 1864 tamen
1217 1822 1403 1864 minus
1452 1820 1652 1863 audire
1693 1836 1789 1863 ve*-

975 1878 1098 1923 lim.
1125 1894 1146 1917 «
1223 1879 1402 1922 Erravit
1445 1878 1514 1920 vir
1559 1878 1787 1935 egregius

109 1757 437 1830 διαγράμματα
482 1765 584 1804 sunt
623 1761 917 1819 figurae

110 1819 516 1872 geometricae,
541 1819 784 1864 utMenon.
807 1819 837 1861 l.
861 1833 916 1873 c.‚

110 1888 220 1929 quas
272 1874 429 1917 Cicero
486 1873 915 1933 descriptiones

105 1930 295 1974 vocavit.

168 1981 372 2038 ἀπιστεῖς
398 1985 486 2056 γὰρ
519 1986 576 2046 δὴ
603 1989 702 2040 πῶς
733 1984 763 2046 ἡ
792 1993 888 2034 καλ.
892 1990 912 2047 ]

113 2046 173 2088 Η.
213 2060 251 2087 e.
290 2045 538 2089 dubitas
590 2047 761 2114 enim,
811 2062 914 2102 quo

109 2103 268 2145 modo
295 2107 376 2145 etc.
408 2104 558 2145 Habet
583 2103 701 2146 enim
730 2106 915 2146 verbum

110 2155 318 2203 απιστεῖν
350 2159 603 2203 adiunctam
630 2161 915 2205 dubitationis

103 2217 340 2261 notionem.

165 2272 328 2330 δέομαι
346 2275 540 2330 παθεῖν,
560 2294 589 2306 -
614 2268 915 2331 ἆναμνησθῆ

109 2332 211 2386 ναι]
269 2333 532 2386 Quanquam
560 2331 732 2375 codices
761 2347 912 2374 omnes

108 2391 309 2440 tuentur,
338 2389 452 2443 quod
470 2387 515 2430 in
533 2395 636 2432 vett.
664 2389 784 2431 editt.
804 2389 913 2433 scri-

110 2451 232 2501 ptum
254 2451 409 2496 exstat,
438 2447 625 2500 μαθεῖν,
653 2450 799 2488 tamen
831 2447 912 2488 du-

105 2502 231 2544 bium
261 2516 348 2544 ιιοιι
377 2507 463 2554 est,
509 2503 614 2557 quin
649 2516 751 2545 cum
786 2502 914 2545 Ser·-

108 2572 166 2601 ra
177 2573 203 2601 n
214 2573 240 2601 o
257 2561 430 2603 παθεῖν
448 2559 686 2615 legendum
701 2560 770 2602 sit.
801 2560 912 2602 Son·-

109 2615 246 2658 tentia
303 2617 416 2659 haec
476 2621 572 2659 est.
643 2632 663 2660 s
674 2631 698 2659 e
710 2618 738 2659 d
801 2617 835 2658 h
846 2631 870 2659 ο
886 2630 910 2658 c

108 2671 176 2783 {K
183 2687 248 2772 εξ.
252 2674 908 2801 ’ζῆνᾱὲνὲἒνῖἕῶἷῗὲιῗῖἐ

109 2786 384 2842 experiri,
433 2787 539 2831 hoc
589 2793 709 2842 est,
760 2802 909 2830 com·-

107 2843 424 2886 monefieri
462 2858 489 2887 a
515 2845 842 2913 vobis-1922&
877 2840 907 2900 ἦ

104 2898 359 2956 καλουμένη
409 2898 617 2969 μάθησις
656 2896 910 2972 ἀνάμνησίς

108 2952 215 3000 ἐστι.
272 2957 406 3000 Ludit
428 2957 567 3014 igitur
584 2959 630 3001 in
650 2961 775 3003 verbi
794 2974 908 3003 ανα-

105 3014 369 3082 μνησθῆναι
391 3015 696 3071 ambiguitate.
752 3016 852 3059 De
838 3031 907 3058 ιιι-

103 3069 271 3114 finitivo
291 3068 648 3128 ἀναμνησθῆναι
664 3085 744 3129 per
754 3087 910 3129 epexe-

106 3128 232 3226 fiesin
259 3129 428 3173 adiecto
455 3144 495 3171 v.
527 3142 659 3185 supra
699 3129 908 3173 c.xvl1.

164 3237 301 3286 οὗδεν
321 3236 442 3298 μέντ’
468 3234 526 3286 αν
545 3231 685 3298 ἦττον
719 3238 906 3291 ἀκούοι-

105 3298 189 3354 μι]
206 3296 488 3370 Wyttenb
506 3301 737 3344 achiuse
768 3299 910 3369 »passvh

104 3368 187 3422 τοι,
217 3372 275 3400 αν
325 3361 391 3399 est
426 3362 623 3402 tamen.
682 3359 801 3401 Tum
851 3353 910 3402 ἇ-

105 3425 291 3472 κονοιμι
314 3427 527 3472 germana
544 3414 590 3461 vi
609 3415 803 3478 optativi
816 3414 848 3462 i.
867 3429 906 3462 ο.

976 1935 1092 1978 Nam
1119 1930 1180 1978 αν
1207 1949 1295 1977 non
1328 1937 1384 1977 ad
1409 1934 1566 1991 μέντοι
1581 1963 1594 1987 ,
1632 1936 1708 1977 sed
1728 1935 1786 1977 ad

979 1988 1198 2047 ακούοιμι
1222 1992 1433 2047 pertinet,
1470 1997 1520 2034 ut
1543 1997 1663 2034 recte
1690 2006 1788 2033 moa-

978 2048 1076 2093 nuit
1118 2049 1150 2091 S
1166 2050 1467 2091 chaeferus
1505 2050 1562 2091 ad
1597 2049 1784 2105 Gregor.

979 2106 1176 2148 Corinth.
1207 2121 1247 2161 ι.)
1269 2105 1395 2150 1015.
1412 2107 1577 2171 ‘Quam
1594 2107 1787 2160 particu-

979 2162 1050 2205 lae
1067 2121 1284 2205 rationlem
1312 2163 1358 2204 H
1374 2177 1398 2205 e
1409 2160 1426 2203 i
1437 2177 1466 2203 ιι
1477 2163 1504 2204 d
1517 2177 1542 2204 o
1554 2177 1576 2204 r
1586 2164 1614 2204 f.
1646 2175 1785 2217 quum

978 2220 1091 2262 bene
1130 2220 1455 2287 perspexisset,
1485 2219 1677 2262 Ficini
1706 2231 1787 2262 au-

979 2276 1180 2319 ctoritate
1202 2277 1406 2332 deceptus
1439 2275 1486 2318 in
1507 2276 1647 2318 alium
1663 2290 1786 2318 erro*-
1853 2285 1859 2300 ⁹

976 2347 1074 2375 rem
1103 2333 1276 2386 incidit,
1331 2337 1431 2402 post
1463 2324 1615 2400 ἦττον
1635 2333 1786 2375 existi·-

975 2403 1099 2432 mans
1118 2390 1328 2433 excidisse
1337 2386 1504 2462 ἡδέως.
1562 2389 1785 2443 Nimirum

978 2442 1085 2490 οὐδὲ
1077 2463 1114 2490 ν
1146 2437 1287 2503 ἦττον
1324 2443 1391 2491 αν
1436 2442 1658 2502 ακούοιμι
1689 2452 1780 2489 est:
1816 2470 1830 2489 ν.

975 2504 1156 2547 nihilo
1184 2504 1369 2547 minus
1399 2501 1636 2555 audiam,
1665 2500 1782 2558 quod

975 2573 1111 2617 prope
1147 2561 1316 2604 accedit
1344 2561 1400 2604 ad
1435 2561 1574 2603 futuri
1603 2561 1699 2603 vim
1737 2563 1782 2603 et

973 2618 1364 2674 significationem,
1401 2617 1489 2660 nisi
1519 2618 1637 2674 quod
1665 2631 1783 2662 υπο-

973 2676 1172 2725 θετικῶς
1191 2675 1358 2718 dietum
1378 2679 1457 2718 est

1032 2730 1085 2775 C
1129 2731 1241 2787 λέγω
1281 2729 1331 2776 δέ
1351 2745 1457 2776 τινα
1472 2726 1650 2790 τρόπον
1673 2731 1782 2775 τοῦ-

972 2789 1089 2845 ¹l'ov]
1121 2790 1247 2833 Haec
1271 2793 1478 2844 corrupta
1506 2802 1600 2831 esse
1629 2788 1783 2830 viden-

973 2851 1058 2888 tur.
1088 2845 1222 2889 Codd.
1244 2846 1414 2902 aliquot
1435 2845 1633 2888 melioris
1651 2850 1781 2888 notae

972 2903 1181 2946 exhibent
1203 2903 1320 2947 τίνα.
1379 2902 1467 2946 Sed
1492 2903 1629 2946 haec·
1667 2900 1779 2956 λέγω

973 2958 1022 3003 δὲ
1041 2960 1146 3003 τίνα
1182 2957 1360 3028 τρόπον
1389 2957 1586 3011 τοῦτον,
1621 2959 1701 3001 ubi
1733 2958 1782 3000 in

972 3030 1110 3059 unam
1147 3015 1424 3060 coniunxeris
1467 3013 1781 3071 interrogatio·

972 3088 1099 3126 nem,
1128 3074 1294 3116 mirum
1327 3075 1537 3139 quantum
1566 3072 1781 3127 asperita-

974 3131 1031 3173 tis
1049 3131 1217 3173 habere
1246 3144 1299 3172 eo
1318 3129 1464 3185 magis
1499 3129 1672 3180 senties,
1690 3141 1778 3183 quo

971 3187 1222 3230 accuratius
1260 3198 1373 3242 quae
1402 3190 1646 3253 sequuntur
1675 3199 1779 3226 con-

970 3244 1246 3287 sideraveris.
1289 3241 1535 3310 Quocirca·
1522 3256 1569 3283 ιιι
1589 3255 1686 3284 eam
1701 3255 1780 3282 sua·

971 3301 1211 3356 spicionem
1249 3298 1411 3354 aliquis
1447 3299 1686 3349 deveniat,
1729 3301 1780 3338 ut

968 3357 1253 3401 scribendum
1281 3358 1428 3411 putet:
1467 3352 1579 3424 λέγω
1603 3352 1653 3398 δὲ
1674 3354 1779 3397 τίνα

972 3411 1176 3474 τρόπονς
1205 3413 1391 3462 τοῦτον·
1431 3408 1514 3459 ἐάν
1533 3426 1605 3466 τις
1626 3426 1667 3458 κ.
1689 3424 1728 3456 τ.
1738 3412 1777 3454 λ.
