2040 3646
286 131 387 210 xvl

285 300 572 352 sustentavit,
598 299 792 354 ⁴«lenique
813 301 957 353 partes
978 308 1130 341 omnes
1152 298 1395 355 sapientiae
1415 285 1478 342 ita
1501 305 1667 346 tutatus
1694 308 1781 356 est,
1809 308 1859 346 ut
1880 304 1975 359 qni-

284 387 369 431 bus
389 384 533 428 causis
554 388 598 426 et
620 383 868 432 rationibus
893 383 1041 427 omnia
1072 384 1295 437 nitantur,
1338 384 1658 431 demonstras-0
1685 388 1975 432 subtilissime

283 471 496 514 videatur.
555 467 685 523 Quod
706 468 885 524 quidem
907 482 995 524 quo
1015 463 1147 512 niodo
1167 470 1344 523 fecerit,
1385 471 1605 527 explicare
1625 473 1810 530 longum
1834 479 1900 516 est
1932 480 1975 516 et

284 561 479 609 anostra
501 552 702 600 instituto
719 553 936 605 alimum.
995 555 1148 610 Reque
1170 555 1290 598 enim
1312 555 1563 600 nniversam
1586 558 1784 602 Platonis
1813 557 1978 601 doctri·

282 646 385 685 nam
407 641 626 695 exponere
653 638 984 692 constituimus,
1037 629 1111 682 sed
1144 640 1240 684 eius
1273 652 1429 685 causas
1460 649 1505 685 et
1536 643 1676 685 fontes
1702 643 1898 700 aperire3
1934 648 1978 686 ct

283 725 321 769 si
343 738 456 781 quae
472 725 528 768 ad
551 724 834 780 singulorum
854 726 1073 768 librorum
1098 725 1447 783 intelligentiam
1473 733 1706 783 praeterea(
1729 727 1980 772 necessaria

281 816 383 857 sunt,
397 834 411 863 5
441 821 496 854 ea
514 810 561 853 in
585 810 930 866 praefationibus
949 815 995 854 ct
1015 810 1347 855 commentariis
1374 813 1430 855 'ad
1453 812 1654 870 singulos
1685 812 1826 857 libros
1855 812 1980 856 addi·
2028 816 2038 823 ““

279 895 337 941 tie
359 895 706 953 explanabimus.

446 981 691 1036 Postquam
721 985 873 1027 autem
908 981 1038 1025 Plato
1069 972 1197 1025 illam
1228 982 1284 1025 de
1317 976 1427 1025 ideis
1456 980 1703 1026 doctrinam
1734 983 1978 1036 invenerat,

279 1067 359 1112 aut
381 1071 501 1110 'certe
529 1059 625 1108 eius
645 1065 774 1109 initia
791 1073 1020 1122 posuerat,
1058 1067 1447 1112 demonstrandum
1469 1068 1606 1111 etiam
1623 1069 1710 1110 hoc
1730 1079 1826 1111 esse
1847 1067 1980 1111 intel-

278 1151 415 1204 lexit,
467 1166 596 1207 posse
624 1152 844 1194 humanos
882 1151 1055 1194 animos
1090 1152 1262 1195 habere
1290 1151 1514 1206 idearum,
1551 1154 1639 1195 hoc
1674 1158 1742 1197 est
1774 1158 1978 1198 aeternae

280 1237 511 1291 veritatis,
558 1230 907 1294 intelligentiam
938 1242 982 1279 et
1014 1237 1345 1293 cognitionem·
1397 1239 1529 1294 Quod
1563 1238 1743 1294 quidem
1770 1239 1833 1282 ita
1862 1239 1979 1291 lecit,

278 1328 328 1369 ut
341 1346 363 1376 ‚-
386 1322 470 1366 etsi
493 1322 589 1365 eius
616 1322 794 1367 decreta
812 1335 901 1365 nou
921 1323 1199 1377 probaveris,
1229 1328 1379 1366 tamen
1400 1325 1622 1366 excelsum
1640 1323 1728 1366 viri
1748 1323 1980 1380 ingenium

277 1405 492 1456 ‘admirari
509 1408 703 1450 debeant
726 1422 895 1460 omnes,
924 1408 1016 1463 qui,
1043 1406 1218 1463 quantis
1240 1409 1433 1451 tenebris
1459 1409 1539 1452 illa
1557 1414 1702 1452 aetate
1722 1406 1885 1452 veritas
1910 1408 1979 1452 in·-

277 1495 434 1538 voluta
454 1493 613 1546 fuerit,
642 1492 882 1549 diligenter
906 1492 1293 1536 consideraverint.
1353 1493 1532 1537 Etenim
1553 1494 1690 1537 animi
1711 1494 1895 1537 humani
1924 1508 1977 1536 ex

276 1574 372 1625 eius
407 1578 625 1622 sententia
660 1592 748 1621 uon
775 1572 954 1621 fuerunt
990 1592 1018 1622 a
1041 1578 1259 1635 principio
1283 1593 1386 1621 cum
1415 1579 1502 1621 hoe
1530 1593 1714 1636 corpore
1739 1579 1978 1634 coniuncti,

274 1666 324 1709 in
347 1679 435 1721 quo
456 1671 572 1707 nunc
592 1669 804 1720 tanquam
825 1678 1002 1708 carcere
1023 1665 1214 1719 quodam
1234 1664 1395 1707 inclusi
1416 1669 1541 1717 sunt,
1570 1662 1646 1707 sed
1669 1665 1780 1715 olim
1801 1664 1848 1707 in
1869 1667 1982 1709 bea-

275 1750 424 1795 torum
456 1743 642 1793 deorum
672 1754 801 1794 coetu
830 1754 1055 1792 'versantes
1089 1755 1270 1793 aeterna
1298 1749 1380 1793 illa
1407 1755 1561 1792 rernm
1595 1749 1838 1794 simulacra
1870 1755 1981 1793 con-¹

274 1836 480 1892 templati
513 1835 646 1891 atque
670 1826 810 1891 ipsius
845 1835 1049 1878 veritatis
1075 1834 1329 1891 cognitione
1361 1835 1509 1892 gavisi
1529 1841 1645 1878 sunt.
1705 1837 1807 1892 Qua
1834 1836 1976 1879 felici-

273 1923 364 1967 tate
396 1934 534 1978 quum
560 1930 714 1965 omnes
743 1926 955 1977 perpetuo
981 1913 1071 1963 frui
1093 1920 1360 1976 potuissent,
1391 1912 1551 1964 accidit
1574 1923 1736 1973 tamen,-
1768 1926 1816 1964 ut
1842 1921 1977 1964 multi

273 2014 303 2051 a
321 1989 570 2050 divinarum
595 2021 746 2049 rerum
765 2005 1136 2061 contemplatione·
1156 2010 1462 2049 averterentur
1497 2009 1630 2061 atquc
1658 2005 1790 2049 humi
1815 1999 1976 2050 deiecti

271 2093 320 2138 in
348 2091 540 2136 'mortali
567 2099 752 2148 corpore
781 2090 1127 2134 includerentur.
1205 2093 1273 2134 Ex
1298 2098 1387 2147 quo
1416 2097 1506 2134 tam
1536 2086 1783 2135 niultarum
1822 2096 1976 2135 rerum

273 2169 541 2242 cognitionis
566 2173 802 2221 admiratio
826 2171 1027 2230 tollitur,
1054 2186 1198 2232 neque
1229 2191 1284 2220 ea
1314 2178 1443 2233 plane
1477 2176 1598 2220 videt
1627 2177 1827 2231 animus,
1870 2191 1975 2220 cum

272 2268 452 2320 repente
475 2263 523 2307 in
544 2267 637 2307 tam
660 2254 890 2306 insolitum
908 2265 1087 2318 tamque
1108 2264 1420 2318 perturbatum
1443 2262 1720 2306 domicilium
1738 2262 1976 2319 immigra-

271 2349 351 2394 vit.
411 2349 499 2392 Sed
517 2355 620 2391 cum
638 2357 686 2391 se
713 2347 898 2405 collegit
925 2348 1058 2403 atque
1080 2347 1324 2404 recreavit,
1365 2351 1461 2390 tum
1494 2347 1697 2403 agnoscit
1726 2347 1810 2391 illa
1837 2348 1974 2391 remi-

270 2435 480 2479 niscendo
511 2434 643 2490 atque
671 2425 718 2476 in
748 2432 1011 2476 memoriam
1041 2431 1156 2476 redit
1193 2437 1374 2485 eorum,
1422 2446 1535 2488 quae
1552 2433 1610 2488 ,in
1632 2432 1861 2488 superiora
1878 2433 1972 2477 vita

275 2524 576 2577 conspexerat.
636 2509 867 2575 Contingit
904 2532 1011 2561 vero
1048 2518 1162 2561 haec
1203 2517 1454 2561 recordatio
1494 2517 1550 2560 iis
1585 2512 1799 2561 facillime
1837 2525 1973 2575 atque

269 2606 488 2658 maxime,
541 2596 619 2661 qui
643 2596 952 2660 'philosophiae
987 2607 1139 2647 amore
1169 2602 1361 2647 maxime
1394 2607 1612 2647 tenentur.
1671 2603 1819 2646 Huius
1850 2604 1971 2646 enlm

276 2697 362 2747 ope
391 2694 435 2734 et
455 2684 672 2734 beneficio
705 2680 917 2741 efficitur,
960 2692 1010 2732 ut
1041 2687 1215 2732 animus
1241 2679 1477 2745 paullatim
1504 2702 1533 2732 a
1562 2678 1759 2745 corporis
1779 2687 1972 2732 vinculis

270 2775 451 2830 'eiusque
467 2767 782 2831 cupiditatibus
804 2778 848 2817 et
870 2765 1277 2830 perturbationibus
1296 2773 1515 2817 liberetur
1543 2774 1676 2830 atque
1696 2763 1968 2830 redintegret

270 2860 398 2917 quasi
429 2864 474 2912 et
502 2860 718 2904 instauret
751 2859 1016 2904 memoriam
1044 2859 1275 2913 idearum5
1315 2861 1372 2903 ad
1405 2867 1599 2915 quarum
1632 2850 1968 2903 similitudinem

271 2960 340 2989 res
363 2938 564 2989 sensibus
604 2945 831 2989 subiectae
849 2946 1147 2989 conformatae
1181 2949 1283 2988 sunt
1316 2949 1360 2987 ct
1389 2955 1633 3002 expressae.·
1692 2938 1848 3000 ltaque·
1879 2957 1966 2999 qno

268 3031 369 3087 quis
397 3031 641 3087 sapientiae
668 3030 905 3075 studiosior
925 3030 1016 3084 est,-
1064 3045 1118 3073 eo
1152 3024 1330 3075 facilius
1360 3022 1418 3074 ad
1447 3021 1682 3087 pristinam
1707 3028 1835 3072 illam'
1862 3041 1965 3071 cum

268 3116 351 3160 deo
371 3115 709 3160 similitudinem
730 3117 873 3159 denuo
906 3116 1123 3160 evehitur.

437 3197 583 3257 Atque
614 3201 727 3245 haec
757 3201 937 3257 quidem
965 3202 1089 3255 sunt‚·
1136 3192 1194 3246 ad
1229 3215 1343 3257 quae
1364 3191 1495 3244 Plato
1520 3203 1696 3242 omnem
1719 3187 1962 3241 doctrinam

264 3292 392 3331 suam
423 3276 717 3331 conformavit
751 3291 884 3342 atque
920 3287 1075 3330 referri
1108 3286 1266 3331 volui&
1322 3286 1475 3343 Neque
1499 3287 1647 3328 tamen
1681 3282 1788 3326 satis
1805 3271 1966 3326 habuit

263 3371 463 3417 'veritatis
483 3372 626 3417 fontes
651 3371 892 3430 indagare3
929 3372 1008 3418 sed
1029 3362 1076 3416 id
1098 3373 1233 3418 etiam
1253 3371 1447 3427 studuit5
1489 3375 1541 3417 ut
1557 3358 1652 3415 veri
1672 3365 1967 3426 cognoscendi
