2040 3646
1792 150 1854 194 IX

167 298 367 348 tempore
400 291 488 334 hoc
528 290 710 344 fecerit,
761 289 982 335 incertum
1020 292 1100 333 est.
1195 288 1287 334 Am
1327 289 1447 334 enim
1483 274 1588 333 eum
1624 273 1850 347 putarunt,

163 378 421 433 priusquam
467 376 683 419 rationem
723 374 996 420 Socraticam
1037 375 1326 432 percepisset,
1380 374 1681 422 Eleaticorul'n
1718 380 1850 433 atq'ue

161 462 415 506 lonicorum
442 461 605 518 placita
633 460 915 519 cognovisse:
957 461 1040 505 alii
1068 467 1329 505 censuerunt
1359 475 1462 506 eum
1488 461 1641 518 postea
1669 462 1849 505 demum

152 547 217 589 ad
246 548 347 589 illos
376 561 472 589 esse
499 547 766 590 traductum.
828 547 892 588 De
920 560 1007 602 qua
1032 560 1112 600 re,
1140 545 1181 590 d
1203 534 1315 603 §uid
1344 561 1396 588 ex
1422 545 1520 602 ‘ipsa
1552 547 1751 591 Platonis
1780 546 1849 590 di-

155 632 344 688 sciplina
370 632 585 689 colligere
611 631 738 684 licet,
767 631 894 674 nobis
923 626 1102 687 quidem
1127 611 1394 687 ‘sic'uidetur
1420 631 1700 675 statuendum
1733 622 1844 688 esse,

156 723 206 759 ut
234 730 337 759 eum
364 717 455 759 iam
493 723 665 759 mature
707 721 752 759 et
780 717 963 759 fortasse
999 730 1052 760 eo
1081 707 1189 773 ipso.
1226 721 1442 773 tempore,
1485 732 1573 772 quo
1612 699 1844 760 Socratem

155 801 399 844 consectari
437 806 671 856 coeperat,
720 801 776 844 ad
816 801 999 843 illorum
1035 801 1254 845 rationem
1298 802 1652 858 cognoscendam
1691 800 1843 845 acces-

150 886 259 929 sisse
285 891 502 942 putemus.
560 886 696 928 Certe
718 885 894 941 quidem
922 885 1123 929 idearum
1151 885 1410 940 doctrinam,
1442 886 1498 929 ad
1527 871 1661 942 quam
1691 887 1842 932 omnia

148 970 459 1027 philosophiae
476 971 664 1028 placita,
696 971 894 1026 adeoque
923 985 989 1024 ea,
1019 985 1135 1027 quae
1161 985 1189 1014 a
1216 970 1401 1014 Socrate
1429 971 1615 1028 accepit,
1644 972 1842 1015 referen-

147 1057 204 1098 da
232 1070 327 1098 esse
353 1056 565 1099 iudicavit
594 1062 637 1100 et
664 1054 714 1098 re
741 1071 846 1099 vera
874 1056 1051 1110 retulit,
1087 1071 1174 1099 non
1217 1042 1368 1112 potuit·
1401 1056 1525 1112 prius
1568 1040 1839 1113 excogitare,

145 1153 280 1197 quam
306 1142 606 1184 Eleaticornm
634 1143 807 1184 decreta
836 1141 1130 1198 cognovisset.
1182 1143 1337 1196 Itaque
1365 1141 1606 1197 probabile
1635 1146 1704 1185 est
1733 1154 1837 1185 eum

143 1227 384 1283 repudiatis
412 1227 634 1270 Heracliti
662 1227 836 1283 placitis
866 1226 1074 1270 continuo
1104 1241 1152 1270 se
1181 1226 1417 1269 contulisse
1448 1226 1504 1269 ad
1533 1226 1837 1271 Eleaticorum

143 1317 187 1354 et
215 1313 469 1355 Ionicarum
497 1312 743 1354 doctrinam
771 1309 1126 1369 cognoscendam
1152 1311 1209 1367 *)“.
1266 1310 1440 1354 Habuit
1468 1316 1618 1354 autem
1648 1315 1836 1367 utraque

140 1396 223 1439 illa
249 1397 421 1440 familia
446 1398 563 1441 viros
591 1397 830 1453 sapientiae
857 1397 988 1441 laude
1018 1411 1071 1440 ea
1098 1400 1243 1441 aetate
1278 1395 1642 1450 florentissimos3
1691 1397 1834 1441 altera

139 1482 474 1536 Parmenidem‚
515 1483 658 1525 altera
695 1483 1004 1540 Anaxagoram
1042 1480 1404 1534 Clazomenium,
1442 1493 1632 1537 quorum
1670 1495 1833 1525 nomen

140 1566 179 1616 si
205 1582 292 1611 non
322 1567 501 1610 aliunde
528 1567 803 1622 innotuisset,
831 1567 971 1624 ipsius
999 1566 1201 1612 Platonis
1230 1565 1405 1622 scriptis
1434 1565 1540 1610 satis
1570 1570 1686 1609 esset
1714 1567 1833 1609 cele-

135 1653 318 1696 brutum
346 1667 399 1696 ac
426 1653 708 1696 nobilitatum
741 1653 797 1696 ad
826 1653 1093 1709 posteritatis
1119 1651 1398 1695 memoriam.
1455 1652 1513 1694 Et
1540 1646 1830 1695 Parmenides

135 1738 339 1794 quidem,
368 1737 445 1793 qui
473 1743 701 1794 acceptam
730 1752 758 1782 a
785 1728 1058 1795 Xendphane
1096 1735 1316 1795 magistro
1360 1736 1608 1781 doctrinam
1636 1736 1829 1793 amplifi-

133 1827 310 1867 caverat
337 1828 469 1879 atque
493 1824 824 1877 emendaverat,
847 1824 1071 1880 duplicem
1098 1837 1194 1866 esse
1223 1821 1375 1865 docuit
1403 1822 1728 1878 cognitionem3
1758 1822 1827 1865 al·-

129 1913 294 1961 teram,
334 1923 448 1965 quae
475 1923 500 1951 e
540 1911 674 1952 rebus
708 1911 798 1953 *sub
837 1924 989 1952 sensus
1018 1908 1278 1953 cadentibus
1313 1907 1592 1961 hauriretur,
1635 1910 1680 1950 et
1707 1920 1824 1963 quae

129 1993 246 2036 nihil
270 1994 458 2036 haberet
473 1994 560 2037 nisi
587 1995 808 2049 quandam
824 1994 1044 2051 opinionis
1064 1993 1453 2050 probabilitatem3
1482 1993 1684 2048 alteram,
1709 1996 1824 2047 quae

131 2080 228 2122 sola
254 2078 487 2122 coniuncta
512 2083 626 2121 esset
654 2094 758 2122 cum
784 2079 974 2122 veritate
990 2113 1004 2136 ,
1042 2083 1087 2123 et
1114 2093 1228 2135 quae
1266 2091 1444 2120 unum
1472 2091 1597 2120 esse
1627 2076 1823 2121 omnia

129 2165 332 2217 doceret,
356 2178 499 2219 neque
539 2163 776 2219 quidquam
804 2168 978 2220 praeter
1010 2164 1123 2206 illud
1158 2163 1326 2205 habere
1362 2157 1530 2206 οὐσίαν
1558 2163 1633 2218 w³).
1692 2163 1822 2218 Quae

127 2249 308 2306 quidem
343 2248 581 2301 sententia,
615 2248 836 2291 Heracliti
874 2247 1051 2304 placitis
1095 2247 1225 2304 plane
1254 2246 1503 2302 contraria,
1546 2246 1819 2291 mirum'est

125 2336 395 2392 quantopere
422 2333 598 2377 Platoni
625 2333 865 2389 placuerit3
896 2333 974 2388 qui
1003 2347 1105 2375 cum
1133 2331 1357 2376 scientiae
1376 2331 1634 2376 firmitatem
1669 2325 1818 2374 adhue

124 2421 289 2463 frustra
315 2418 614 2474 quaesivisset,
643 2433 759 2461 nunc
790 2423 909 2460 certe
939 2418 1027 2461 sibi
1053 2417 1287 2461 videbatur
1313 2416 1532 2474 reperisse
1562 2416 1688 2472 quasi
1715 2417 1817 2459 fun-

124 2505 378 2548 damentum
404 2503 649 2559 quoddam,
679 2503 751 2545 cui
777 2502 947 2545 firmior
975 2503 1225 2559 certiorque
1258 2502 1461 2546 doctrina
1487 2505 1816 2558 superstruere-
1894 2488 1897 2491 ⁴

123 2595 233 2634 turp
267 2590 424 2644 Itaque
453 2581 688 2631 discrimen
715 2589 828 2631 illud
858 2588 1139 2645 cognitionis,
1169 2589 1287 2644 quod
1307 2586 1591 2631 Parmenides
1620 2590 1815 2630 statuen-

125 2670 229 2718 dum
259 2674 542 2727 iudicaverat,
570 2673 634 2716 ita
663 2674 888 2728 amplexus
918 2677 996 2726 est,
1027 2678 1076 2717 ut
1103 2673 1150 2716 id
1178 2688 1350 2730 semper
1378 2673 1479 2715 inde
1508 2674 1565 2714 ab
1593 2672 1682 2714 hoc
1701 2676 1815 2715 tem-

126 2775 233 2817 pore
258 2758 491 2802 retinuerit
521 2763 651 2814 atque
679 2758 913 2801 veritatem
940 2758 987 2801 in
1016 2760 1151 2802 rebus
1182 2758 1405 2815 corporeis
1435 2758 1580 2800 inesse
1609 2760 1815 2799 constan-

125 2850 194 2888 ter
220 2844 459 2902 negaverit.
518 2844 574 2886 At
602 2842 718 2885 enim
748 2843 946 2898 quamvis
975 2845 1104 2886 Plato
1121 2843 1398 2887 Parmenidis
1426 2840 1688 2897 sapientiam
1716 2851 1813 2884 ma-

123 2929 241 2974 xime
268 2928 507 2972 admiratus
535 2927 594 2972 sit
621 2928 817 2983 adeoque
840 2928 1124 2971 vehementer
1143 2928 1428 2985 probaverit;
1458 2932 1604 2969 tamen
1632 2940 1711 2981 pro
1740 2939 1809 2979 eo,

124 3028 212 3071 quo
249 3014 472 3070 pollebat,
509 3012 709 3057 veritatis
746 3026 897 3057 amore
924 3017 1056 3069 atque
1084 3027 1217 3058 sensu
1258 3012 1306 3057 in
1343 3010 1468 3056 illius
1495 3009 1695 3055 doctrina
1719 3023 1808 3053 non

179 3258 218 3312 ')
246 3256 295 3301 V.
324 3256 512 3301 Theaet.
540 3270 585 3313 p.
613 3254 710 3300 183.
741 3257 793 3301 E.
852 3256 1104 3301 Parmenid.
1134 3272 1177 3314 p.
1208 3256 1308 3300 12⁷.
1366 3254 1592 3300 Phaedon.
1620 3255 1653 3301 l.
1681 3268 1718 3298 c.

178 3354 238 3410 ’Ἴ
268 3354 317 3399 V.
345 3353 541 3412 Sophirt.
567 3369 612 3414 p.
630 3353 729 3400 23⁷.
752 3339 814 3401 A.
846 3367 940 3412 sqq.
969 3369 1013 3412 p.
1033 3353 1134 3401 258.
1163 3356 1218 3401 1).
1264 3355 1452 3408 Theaet.
1481 3369 1525 3412 p.
1546 3351 1645 3398 18⁰.
1677 3353 1727 3399 Ε.
1750 3353 1810 3398 al.
