2040 3646
577 132 679 183 AD
714 127 1198 182 PHAEDONEM.
1666 132 1732 184 15

56 271 100 311 at
126 279 276 324 preces
304 268 475 322 tamen,
526 264 692 321 inquit,
735 251 825 306 Aliis
852 261 1184 306 immortalibus
1210 260 1358 307 faeere
1396 258 1451 303 ad
1479 260 1568 304 lioc
1597 273 1732 319 pocu-

0 363 3 368 ·
54 339 149 382 lum
194 337 331 388 licet,
387 343 437 380 ut
485 337 598 380 haec
636 333 843 390 migratio
895 334 1009 376 mihi
1062 335 1176 376 bene
1223 331 1499 387 feliciterque
1545 331 1732 375 eveniat.

53 410 206 464 Itaque
245 407 333 450 hoc
371 421 400 450 a
435 407 521 450 diis
557 404 884 450 immortalibus
921 418 1077 460 precor
1114 410 1165 448 ut
1205 400 1318 445 mihi
1350 402 1590 459 contingat.
1647 402 1736 446 His

51 479 185 530 dictis
209 479 418 535 poculum
444 477 582 522 hilari
610 479 654 528 et
681 475 921 530 tranquillo
950 475 1099 518 animo
1125 475 1340 518 exhausit.
1398 473 1488 516 Nos
1506 487 1614 516 vero
1632 487 1736 516 eum

52 549 249 594 videntes
276 549 530 600 bibentem,
557 560 695 603 quum
723 547 867 590 adhuc
895 546 969 590 vix
999 545 1350 589 cohibuissemus
1378 544 1612 597 lacrimas,
1640 549 1737 588 tum

52 633 159 663 vero
185 634 271 662 non
301 618 490 675 amplius
517 617 740 672 potuimus
768 617 896 662 nobis
925 631 952 660 a
981 614 1182 660 lacrimis
1210 621 1468 672 temperare.
1538 616 1745 662 Fuerunt⁴

52 690 190 734 etiam
228 690 306 746 qui
331 690 424 734 alta
453 701 562 731 voce
591 687 809 732 eiularent
846 694 892 731 et
918 692 1099 744 pectora
1128 684 1360 729 tunderent
1387 699 1492 742 prae
1520 699 1744 730 maerore.-

52 761 257 805 Socrates
284 766 457 815 autem,
519 759 626 815 quid
666 758 822 815 agitis,
854 757 1024 813 inquit,
1073 771 1101 800 o
1128 756 1270 801 boni?
1318 771 1422 800 nam
1450 756 1565 800 hanc
1594 749 1746 814 ipsam'.

52 834 112 876 ob
131 845 310 875 causam
325 830 537 874 mulieres
552 829 809 873 amandavi:
845 828 995 871 audivi
1015 827 1135 870 enim
1153 827 1282 871 bonis
1301 826 1525 871 ominibus
1546 829 1747 883 morien-2

51 903 158 946 dum
187 902 294 946 esse.
351 901 497 957 Atque
524 915 603 943 nos
638 900 710 943 his
739 899 902 943 auditis
929 896 1188 942 erubuimus
1220 904 1264 942 et
1290 899 1497 943 lacrimas
1526 899 1740 955 repressi-

52 987 165 1019 mus.
219 973 304 1015 Ille
343 985 450 1015 vero
488 985 626 1027 quum
664 970 910 1027 paullisper
950 966 1300 1022 obambulasset‚
1349 982 1482 1013 crura
1519 970 1607 1013 sibi
1636 984 1744 1028 gra-

52 1044 150 1088 vari
185 1041 403 1096 sentiens.
452 1042 635 1098 supinus
674 1041 722 1084 in
755 1041 922 1084 lectulo
963 1040 1181 1084 recubuit.
1238 1038 1380 1084 Morti
1411 1045 1562 1085 autem
1593 1041 1743 1097 proxi-

51 1129 177 1167 mus,
223 1127 251 1156 o
281 1112 432 1168 Crito,
473 1112 640 1167 inquit,
680 1111 943 1168 Aesculapio
973 1107 1184 1155 debemus
1211 1112 1404 1169 gallumt
1449 1111 1570 1154 hunc
1599 1111 1742 1169 igitur

49 1186 133 1227 deo
184 1183 368 1226 reddite.
458 1182 590 1239 Quod
630 1195 768 1238 quum
806 1183 931 1226 Crito
970 1196 1018 1225 se
1057 1183 1279 1226 facturum
1312 1172 1412 1225 *esse
1454 1182 1744 1238 polliceretur

51 1270 242 1311 eumque
270 1259 475 1312 rogaret,
527 1269 637 1297 num
676 1254 782 1309 quid
820 1252 943 1296 aliud
979 1254 1137 1307 vellet3
1183 1254 1262 1296 ille
1296 1253 1458 1296 leniter
1484 1254 1745 1310 placideque

50 1326 246 1372 animam
274 1325 523 1381 exspiravit.
567 1349 611 1357 —
645 1325 734 1368 Hic
760 1325 848 1368 fuit
873 1324 991 1368 vitae
1019 1324 1185 1376 exitus,
1226 1339 1252 1366 ο
1281 1325 1570 1378 Echecrates,
1610 1339 1751 1381 quem.

51 1397 212 1440 habuit
239 1397 407 1440 amicus
437 1403 610 1449 noster,
652 1410 739 1451 quo
768 1395 1026 1449 meliorem,
1069 1395 1397 1452 prudentiorem
1426 1405 1558 1452 atque
1585 1397 1743 1441 iustio-

48 1483 147 1511 rem
175 1468 323 1510 virum
351 1481 438 1509 non
466 1465 769 1522 cognovimus.

221 1539 364 1594 Atque
402 1537 489 1580 hoc
527 1537 706 1592 quidem
746 1542 812 1580 est
850 1540 1166 1597 argumentum
1192 1535 1329 1580 huius
1358 1534 1550 1594 dialogi,
1609 1552 1743 1594 quem

52 1623 156 1652 cum
180 1607 391 1652 orationis
410 1608 636 1664 elegantia
658 1608 935 1651 admirabilis
960 1608 1264 1663 commendat,
1306 1613 1401 1651 tum
1431 1610 1573 1652 multo
1593 1609 1745 1667 magis

0 1669 2 1672 ‚
52 1682 189 1725 etiam
216 1694 392 1736 rerum,
441 1692 556 1735 quae
586 1679 633 1721 in
663 1693 716 1722 eo
750 1684 1018 1732 tractantur,
1067 1679 1265 1736 gravitas
1297 1686 1431 1736 atque
1459 1681 1742 1736 praestantia.

53 1755 320 1808 Quanquam
340 1751 459 1794 enim
481 1746 676 1794 rationes
696 1753 741 1794 et
761 1756 1026 1807 argumenta
1053 1764 1081 1795 a
1100 1750 1367 1807 philosopho
1397 1750 1453 1795 ad
1480 1752 1747 1796 confirmau-

53 1825 157 1867 dam
186 1823 320 1866 fldem
348 1821 699 1865 immortalitatis
731 1822 982 1865 animorum
1016 1822 1268 1878 excogitata
1297 1836 1384 1865 non
1415 1837 1515 1866 eam
1538 1823 1630 1866 vim
1662 1824 1746 1867 ha-

50 1897 181 1947 bent,
219 1898 270 1936 ut
301 1892 419 1948 quod
447 1893 606 1937 docere
633 1891 797 1946 voluit,
846 1892 892 1935 id
924 1907 1080 1936 revera
1113 1894 1436 1936 demonstrasse
1460 1894 1651 1937 iudicari
1669 1895 1746 1937 de-

51 1968 158 2009 beat
171 1965 240 2020 *);
268 1968 416 2007 tamen
441 1977 544 2006 eum
569 1963 859 2006 subtilissime
892 1964 946 2006 de
975 1964 1061 2007 hac
1083 1975 1134 2006 re
1160 1965 1407 2020 disputasse
1436 1970 1570 2020 atque
1594 1965 1745 2009 divina

51 2036 244 2092 quadam
265 2034 427 2076 mentis
447 2033 689 2091 agitatione
707 2047 760 2076 eo
781 2047 920 2090 usque
941 2033 1219 2091 pervenisse,
1261 2047 1349 2090 quo
1373 2036 1603 2092 pervenire
1634 2051 1746 2093 pau-

53 2103 243 2150 cissimis
268 2104 383 2148 inter
396 2105 514 2160 ipsos
538 2104 825 2161 philosophos
849 2105 1064 2162 contigit,
1093 2104 1140 2147 id
1163 2120 1219 2148 ne
1239 2105 1275 2148 ii
1295 2106 1474 2162 quidem
1497 2109 1743 2164 negabunt,

3 2231 7 2238 1
54 2177 132 2234 qui
153 2176 246 2219 vim
266 2180 309 2218 et
328 2176 467 2219 robur
478 2181 842 2232 argumentorum
862 2177 919 2219 ab
939 2191 993 2218 eo
1010 2176 1308 2232 expositorum
1324 2177 1570 2222 dialecticis
1595 2178 1746 2234 dispu-

51 2247 292 2293 tationibus
311 2246 517 2303 frangere
538 2244 809 2290 studuerunt.
866 2245 1091 2291 Nimirum
1119 2260 1249 2290 nemo
1279 2248 1538 2293 mortalium
1566 2263 1744 2292 omnem

9 2310 14 2316 ⁴
53 2320 170 2366 hanc
196 2317 418 2362 rationem
438 2317 495 2363 ad
515 2321 682 2362 certam
701 2317 1003 2374 persuasionis
1028 2317 1163 2362 fidem
1192 2332 1388 2375 unquam
1413 2319 1632 2366 adducere
1664 2334 1745 2376 po·

80 2497 156 2577 ⁷⁸)
205 2517 498 2577 Disputarunt
538 2504 606 2588 de·
629 2518 717 2562 hoc
753 2521 1016 2577 argumento
1053 2519 1299 2565 recentiore
1334 2525 1480 2567 aetate
1530 2515 1743 2566 Tiede-
1808 2506 1815 2518 ³

222 2587 307 2677 ³1¹³ss
312 2591 347 2676 1¹1¹
354 2587 384 2675 ,Ἰ
394 2576 638 2676 2231?ss
642 2590 673 2676 ζ’
681 2589 752 2676 ἒξ
763 2578 921 2677 ¹1}er
920 2578 1201 2678 2¹“1211‘223
1211 2587 1430 2679 Ἢῖιᾞῖἁ
1441 2593 1533 2678 0¹32„
1546 2579 1618 2678 ἆῗ.
1632 2594 1741 2694 ξὲἳέ
1761 2669 1764 2672 .

219 2690 319 2733 der
347 2690 692 2743 Sokratiker
734 2689 874 2734 iiber
901 2690 1414 2736 Unsterblichkeit
1454 2708 1498 2749 p.
1526 2692 1613 2736 323
1645 2707 1740 2748 sqq.

221 2747 460 2804 System.
490 2747 533 2792 d.
562 2747 704 2791 Plat.
733 2747 1075 2805 Philosoph.
1105 2746 1185 2793 111.
1227 2764 1270 2805 p.
1293 2749 1458 2805 98sqq.
1488 2751 1590 2794 coll.
1632 2750 1742 2794 Ge-

226 2799 495 2847 schiehte
524 2803 566 2847 d.
596 2801 941 2860 Philosoph.
978 2806 1035 2848 T.
1060 2805 1119 2848 11.
1155 2821 1200 2862 p.
1227 2805 1312 2849 461
1337 2820 1431 2862 sqq.
1480 2807 1743 2865 Wytten-

224 2859 394 2915 bach.
416 2859 463 2903 in
491 2860 738 2904 Praefat.
768 2862 834 2905 ad
862 2859 1149 2906 Phaedon.
1179 2874 1222 2919 p.
1247 2864 1432 2907 XXXIV
1453 2878 1545 2919 sqq.
1586 2864 1741 2907 Gust.

224 2916 312 2960 Fr.
341 2916 605 2974 wiggero
645 2917 694 2960 in
719 2918 995 2962 Examine
1023 2917 1506 2976 Argumentorum
1534 2921 1741 2964 Plato-

221 2972 1202 3077 'isidaffirotissmx’nzmllitt‘itze‘indm}
1229 2973 1501 3077 hullalanit.¹
1526 2977 1740 3045 Rostocli.

403 3045 470 3074 .e
588 3046 940 3077 ra.ea
1111 3045 1536 3076 eruens
1655 3046 1744 3076 ui-

222 3087 330 3131 bus
358 3083 505 3144 apud
531 3088 828 3132 Platonem
856 3088 1173 3133 animorum
1201 3048 1738 3134 ingimortalit'asqde-

221 3139 489 3189 tenditur.
528 3140 725 3189 Berolin.
754 3143 882 3191 1815.
921 3144 963 3189 4.
1016 3147 1076 3190 Η.
1116 3147 1453 3191 Kunhardt:
1494 3145 1742 3191 Platona

225 3199 500 3244 Phaedon
529 3202 633 3246 mit
660 3201 1015 3246 besonderer
1042 3202 1366 3248 Riiclxsicht
1393 3202 1492 3248 aut*
1514 3200 1608 3246 die
1635 3205 1744 3246 Un-

228 3255 862 3306 sterblichkeitslebre
900 3259 1191 3308 erlfiutert
1227 3258 1345 3307 und
1381 3258 1766 3307 beurtlreilt.v

222 3311 419 3370 Lubeck.
447 3314 574 3362 1817.
610 3314 655 3361 8.
