2040 3646
828 151 1147 206 PHAEDO.
1150 171 1152 174 ·
1723 156 1824 222 183

144 286 346 366 ὃιιοίου
366 285 515 360 τινὸς
539 287 596 347 ἐν
617 286 765 370 μέσοι
787 288 945 348 τεθὲν
978 285 1084 363 οὐχ
1122 287 1173 357 ἔς
1152 283 1223 346 εει
1254 290 1482 362 μᾶλλον
1502 283 1628 346 ov6'
1652 276 1820 366 ἦττον

142 371 423 450 οὐδαμόσε
444 377 621 453 mats
624 395 736 443 ναι,
780 369 982 448 ὁμοίοις
1009 370 1057 431 6'
1081 372 1203 449 ἕχον
1228 369 1441 444 ακλινὲς
1463 378 1622 451 μενεῖ.
1664 375 1819 447 πρῶ-

141 480 238 517 τον
260 460 358 535 μὲν
376 458 568 517 τοίνυν
583 501 598 529 a
640 457 678 536 ἠ
702 454 751 514 6⁹
777 454 839 528 ὅς
850 500 865 527 ‚
907 461 1074 516 τοῦτο
1096 455 1401 532 πέπεισμαι.
1488 458 1604 514 Καὶ
1627 451 1819 534 ὄρθσις

141 566 230 621 γε,
274 544 382 622 ἔφη
411 539 443 600 6
472 542 727 618 Σιιιιιίας.
796 539 920 602 ”Eu
942 541 1159 613 τοίνυν,
1199 541 1340 619 ἔφη,
1381 538 1634 623 πάιιιιεγά
1667 564 1718 599 τι
1742 546 1818 598 εἱ-

141 650 233 686 ναι
259 625 430 698 αὐτό,
481 628 576 686 καὶ
597 623 745 704 ἡιιᾶς
777 627 944 688 οἰκεῖν
979 648 1115 697 τους
1145 625 1300 702 μέχρι
1319 623 1649 701 Ηρακλείων
1683 629 1884 704 (πη-Β

142 715 255 771 λων
279 708 390 770 ἀπὸ
417 710 662 781 Φάσιδος
685 709 740 767 ἐν
761 715 972 814 σμικρῷ
994 732 1099 768 τινι
1119 710 1312 797 μορίω,
1355 706 1531 785 ὥςπερ
1552 710 1676 786 περὶ
1695 709 1816 773 τέλ-

140 819 218 872 μα
244 794 536 874 μύρμηκας
557 791 598 874 ἢ
619 792 955 870 βατράχους,
1005 795 1131 869 περὶ
1156 791 1260 872 τὴν
1258 768 1559 859 θάλατταν
1592 795 1818 853 οἰκοῦν-

140 903 264 953 τας,
306 881 398 939 καὶ
427 876 633 950 ἄλλους
658 875 861 939 ἄλλοθι
891 875 1143 950 πολλους
1176 878 1233 945 ,ἐν
1265 882 1520 946 πολλοῖσι
1542 877 1820 951 τοιούτοις

140 1045 341 1089 codicum
363 1042 624 1087 auctoritate
661 1043 916 1085 delevimus,
974 1043 1081 1086 Mox
1108 1037 1286 1092 ακλινὲς
1319 1045 1450 1098 μενεῖ
1476 990 1672 1100 θχκχᾼίις.
1697 1043 1816 1094 Tub.

139 1105 232 1147 iam
253 1104 308 1144 ab
328 1101 428 1146 aliis
450 1100 699 1142 restitutum
724 1115 769 1141 es
759 1106 802 1145 t.
860 1101 1006 1156 Vulgo
1027 1099 1150 1154 μένει
1169 1101 1420 1160 legebatur
1631 1103 1633 1106 ’

195 1160 382 1231 πρῶτον
405 1160 488 1213 μὲν
510 1158 691 1210 τοίνυν
722 1152 753 1213 ἧ
778 1152 816 1199 δ’
839 1152 924 1213 ὅς]
950 1157 1145 1203 Accessit
1163 1173 1320 1202 τοινυν
1340 1172 1392 1199 ex
1417 1157 1539 1205 codd.

197 1232 328 1274 μεχρι
344 1214 617 1282 Ηρακλείων
637 1228 700 1257 στ.
717 1215 737 1270 ]
775 1216 922 1270 Vulgo
946 1213 1126 1272 μέχρις,
1173 1216 1249 1266 sed
1279 1220 1432 1257 contra
1456 1214 1657 1263 codicum
1680 1214 1820 1270 pluri-

140 1289 316 1318 morum
354 1273 704 1338 optimorumque
740 1271 1052 1321 auctoritatem
1103 1275 1146 1318 et
1192 1275 1390 1322 veterum
1424 1272 1819 1327 grammaticorum

139 1336 400 1389 praecepta,
429 1343 480 1371 ex
502 1329 662 1383 quibus
689 1328 831 1370 Attice
857 1326 986 1384 μέχρι
1020 1333 1064 1371 et
1097 1325 1202 1385 ἄχρι
1231 1328 1366 1370 etiam
1398 1335 1498 1370 ante
1529 1329 1723 1370 vocalem
1750 1328 1815 1369 di-

139 1390 338 1432 cendum.
366 1402 410 1429 v,
435 1386 870 1442 Phryniohusp.
899 1367 969 1427 14.
998 1385 1149 1440 ibique
1174 1385 1417 1436 Lobeck.
1446 1386 1514 1427 De
1533 1386 1719 1428 Platone
1737 1400 1818 1427 au·-
1883 1413 1886 1416 -

139 1452 231 1489 tem
261 1445 398 1487 semel
426 1457 654 1485 monemus
675 1444 800 1485 haec.
858 1442 969 1485 Rari
993 1447 1094 1486 sunt
1118 1442 1229 1494 loci,
1268 1442 1314 1487 in
1338 1441 1498 1497 quibus
1527 1440 1682 1499 μέχρις
1713 1457 1818 1491 con-

138 1503 274 1547 stanti
303 1502 492 1559 gaudeat
514 1501 714 1548 codicum
735 1499 1006 1541 assensione:
1036 1499 1082 1540 in
1103 1499 1305 1554 plurimis
1323 1513 1376 1545 ea
1395 1504 1459 1540 est
1488 1496 1705 1547 librorum
1729 1499 1819 1541 dis-

139 1561 307 1612 sensio,
338 1567 385 1601 ut
406 1557 585 1613 plurimi
604 1557 782 1612 quidem
801 1556 955 1625 μέχρις
976 1557 1235 1608 exhibeant,
1265 1555 1420 1611 optimi
1433 1562 1582 1607 autem
1616 1557 1707 1598 fere
1741 1554 1818 1610 μέ-

140 1615 614 1683 xgatueantur.1am
647 1628 784 1682 quum
815 1612 948 1671 μέχρι
978 1619 1021 1655 et
1046 1610 1153 1670 ἄχρι
1185 1612 1360 1660 facilius
1393 1627 1420 1655 a
1443 1604 1602 1660 scribis
1626 1612 1819 1667 potuerit

139 1674 303 1719 mutari
335 1673 379 1714 in
408 1670 562 1728 μέχρις
596 1675 639 1713 et
668 1666 825 1728 ἄχρις,
859 1685 994 1727 quam
1031 1677 1203 1721 contra3
1250 1669 1644 1725 grammaticorum
1671 1674 1819 1712 autem

138 1735 416 1798 praeceptum
437 1730 702 1783 optimorum
722 1728 937 1771 librorum
960 1727 1209 1774 testimonio
1229 1727 1321 1768 sere
1333 1727 1498 1781 ubique
1514 1726 1818 1769 confirmetur.

137 1789 269 1831 facile
302 1786 569 1842 intelligitur
597 1786 715 1850 apud
735 1786 968 1834 Platonem
999 1785 1105 1833 satis
1130 1788 1223 1834 tuto
1250 1783 1416 1838 ubique
1448 1783 1585 1826 scribi
1612 1781 1746 1849 μέχρι
1773 1787 1819 1835 et

133 1861 254 1904 αχρι.

135 1964 209 2008 his
245 1961 415 2004 verbis·
472 1974 670 2004 verum
709 1959 774 2002 ad
819 1974 939 2003 eam

139 2018 472 2065 retinend
498 2032 585 2059 am
616 2017 759 2059 satis
789 2032 940 2069 esse,

138 2078 287 2135 quod
318 2076 532 2122 coelum
559 2074 673 2121 sibi
701 2088 944 2129 quaqua-

140 2149 334 2181 versus
362 2132 556 2175 simile
586 2131 683 2181 sit,
713 2136 766 2172 et
795 2130 944 2186 quod

140 2192 264 2247 ipsa
302 2190 379 2231 sit
416 2187 790 2243 aequilibris
849 2187 943 2231 Ci-

142 2262 275 2291 cero
305 2247 357 2287 de
387 2246 486 2288 Nat.
517 2246 648 2286 Deor.
679 2245 738 2286 ΙΙ.
771 2243 842 2286 39.
882 2258 945 2290 ac

139 2302 440 2363 principio
479 2307 638 2345 terra
675 2301 950 2343 universa

142 2366 443 2412 cernatur,
498 2359 691 2405 locata
736 2357 790 2401 in
837 2372 949 2399 me-

142 2419 236 2461 dia
265 2417 393 2459 sede
421 2415 639 2467 mundi,
671 2413 863 2456 solida
892 2418 946 2456 et

141 2476 408 2532 globosa,
460 2477 517 2515 et
542 2447 796 2538 undique
825 2471 948 2527 ipsa

140 2534 197 2576 in
228 2545 351 2573 sese
379 2529 615 2572 nutibus
657 2528 779 2570 suis
810 2542 950 2569 con-.-

142 2590 386 2654 globata.
415 2588 484 2628 De
504 2585 625 2629 Orat.
652 2586 732 2632 ΙΙΙ.
755 2583 824 2627 45.
856 2583 948 2628 in-

143 2643 516 2691 columitatis
573 2657 632 2692 ac
674 2641 945 2684 salutis

145 2700 389 2745 omnium
455 2713 628 2742 causa
682 2699 946 2743 videmus

141 2760 290 2801 hunc
340 2758 558 2806 statum
603 2770 727 2798 esse
771 2755 947 2796 huius

143 2815 326 2858 totius
354 2813 549 2858 mundi
577 2818 746 2866 atque
775 2817 949 2854 natu-

143 2887 260 2923 rae,
288 2871 593 2921 rotundum
620 2877 677 2912 ut
707 2869 946 2920 coelum,

143 2934 420 2982 terraque
485 2931 548 2968 ut
613 2926 796 2968 media
854 2924 950 2976 sit,

143 2999 321 3040 eaque
363 2998 462 3026 sua
488 2982 546 3024 vi
583 2988 858 3036 nutuque
868 2986 953 3023 te-

146 3057 175 3084 ιι
193 3046 367 3085 eatur.
397 3041 534 3088 Plura
554 3039 691 3085 habet
711 3040 954 3095 Wytten-

142 3098 305 3147 'bach

203 3150 367 3209 ὁμοίου
404 3153 564 3209 τινός]
621 3152 667 3195 h.
706 3166 744 3195 e.
801 3151 951 3202 eius,

146 3212 294 3266 quod
350 3210 470 3260 sibi
523 3210 706 3269 ipsum
764 3208 954 3256 simile

143 3272 242 3316 est.
309 3282 313 3285 ·

201 3318 417 3391 πάμμεγὰ
446 3339 492 3365 τι
522 3318 642 3365 εἶναι
671 3316 818 3376 αὐτό]
863 3321 954 3362 Βο-

145 3382 261 3426 fera·
298 3377 411 3431 αυτό
444 3380 497 3428 ad
531 3378 617 3435 τὴν
653 3379 753 3435 γῆν.
811 3378 956 3433 Supra

1002 1958 1135 2017 p..88
1169 1960 1220 2002 A.
1251 1953 1372 2003 οὕτω
1403 1954 1491 2017 γὰρ
1523 1953 1640 2003 αὑτὸ
1680 1957 1820 2029 φύσει

1002 1977 1194 2074 ἰσχυρὸν
1215 2013 1347 2072 εἶναι,
1375 2016 1516 2068 intell.
1539 2015 1626 2074 τὴν
1643 2015 1817 2080 ψυχήν,

1006 2075 1086 2117 ubi
1107 2090 1148 2116 v.
1176 2079 1323 2118 annot.

1067 2131 1121 2176 Β.
1179 2127 1288 2180 τοὺς
1305 2127 1437 2187 μέχρι
1455 2125 1634 2200 Ῑ-Ῑρακλ.
1665 2154 1697 2165 ·-
1725 2128 1819 2174 θά-

1009 2190 1178 2237 λατταν
1214 2188 1488 2258 οἰκοῦντας]
1543 2185 1656 2238 τοὺς
1687 2187 1819 2256 μέχρι

1010 2241 1106 2302 Ἡρ.
1143 2239 1238 2293 ἀπὸ
1282 2242 1515 2297 Φάσιδος,
1572 2259 1667 2286 nos
1721 2245 1818 2300 qui

1010 2306 1228 2344 terram
1256 2302 1586 2344 habitemus
1625 2302 1759 2353 inde.
1790 2316 1819 2347 a

1012 2359 1264 2401 Phaside
1312 2373 1483 2426 usqu-e
1535 2359 1602 2401 ad
1654 2360 1819 2410 colu-

1012 2429 1167 2465 mnas
1207 2415 1511 2467 Herculis,
1561 2416 1607 2465 h.
1638 2430 1677 2458 e.
1722 2415 1821 2474 qui

1012 2474 1287 2527 Europam
1315 2472 1647 2517 incolamus.
1704 2474 1818 2520 Nam

1010 2531 1192 2595 Europa
1233 2531 1289 2570 ab
1338 2529 1578 2571 occidente
1599 2519 1819 2579 columnis

1009 2586 1217 2628 Herculis
1252 2586 1592 2639 terminabatur,
1638 2587 1691 2628 (le
1722 2587 1822 2645 qui-

1009 2644 1095 2687 bus
1137 2644 1236 2686 vide
1273 2643 1537 2692 Fischeri
1587 2643 1725 2694 Indic.
1763 2644 1820 2688 ad

1010 2700 1264 2754 Palaephat.
1292 2714 1333 2742 v.
1354 2695 1608 2757 Ηρακλεῖοι
1632 2702 1819 2756 στῆλαις

1012 2758 1069 2798 ab
1090 2756 1256 2806 oriente
1278 2761 1425 2803 autem
1447 2772 1474 2799 a
1494 2757 1644 2803 multis
1670 2758 1823 2802 erede-

1011 2815 1143 2856 batur
1172 2813 1400 2858 terminari
1424 2814 1640 2867 Phaside,
1681 2811 1822 2863 fluvio,

1013 2870 1261 2914 Colchidos.
1291 2869 1821 2923 v.Herodot.IV.·15.=

1013 2929 1169 2981 Itaque
1198 2928 1254 2968 ab
1295 2927 1554 2974 Aristide
1593 2929 1650 2972 Τ
1679 2929 1736 2970 11.
1774 2943 1820 2990 p.

1016 2983 1115 3027 307.
1152 2984 1218 3025 ed.
1257 2984 1379 3027 Cant.
1417 2985 1637 3052 Europaei
1668 2985 1825 3030 dicun-

1019 3046 1092 3085 tur
1129 3037 1232 3085 ὅσοι
1264 3041 1438 3095 στηλῶν
1451 3037 1726 3096 Ηρακλέους
1752 3039 1823 3086 ἐνε-

1016 3093 1096 3146 τὸς
1118 3097 1196 3146 καὶ
1216 3099 1429 3166 ποταμοῦ
1456 3099 1668 3147 Φάσιδος.
1716 3100 1751 3139 V
1754 3111 1824 3139 er-

1016 3155 1077 3201 ba
1097 3154 1201 3208 περὶ
1221 3150 1304 3209 τὴν
1319 3152 1557 3198 θάλατταν
1579 3156 1825 3204 οἰκοῦντας

1017 3209 1237 3277 pertinent
1271 3212 1325 3252 ad
1351 3209 1495 3269 ἡμᾶς,
1541 3227 1626 3253 non
1656 3212 1711 3257 nd
1740 3212 1823 3281 βα-

1017 3265 1229 3323 τράχους.
1288 3270 1477 3312 Vocatur
1497 3275 1644 3313 autem
1673 3263 1701 3323 ἡ
1732 3267 1825 3312 θοὶ-

1019 3327 1162 3369 λαττα
1189 3325 1447 3380 simpliciter
1475 3339 1620 3366 mare
1649 3326 1827 3369 incdi-
1861 3344 1875 3358 ·-

1021 3383 1386 3435 terraneam,
1436 3382 1552 3437 quod
1599 3382 1686 3426 hoc
1724 3382 1840 3427 loco.
