2040 3646
293 129 464 178 xxxn

295 272 473 330 signata
494 270 609 321 sunt,
631 264 909 322 diversitate,
935 268 1030 309 tum
1049 280 1130 323 pro
1145 266 1359 319 varietate
1384 273 1746 325 argumentorum
1766 257 1978 314 aedisse-

293 357 421 402 rendi
447 352 647 399 rationis.
701 353 761 399 Et
785 351 843 396 ad
869 342 1062 409 primum
1090 351 1269 410 quidem
1287 366 1439 410 ⁸genus
1464 353 1696 404 referimus
1720 369 1797 401 eos
1821 356 1976 410 libros,
2038 397 2040 402 .

293 495 630 519 Μ

462 621 553 668 lius
574 652 589 675 ‚
644 619 878 665 Platonem
925 616 1078 663 statuit
1122 617 1214 663 iam
1253 632 1306 662 eo
1354 624 1549 676 tempore
1563 651 1576 676 ,
1641 633 1730 676 qno
1782 618 1987 678 primum.

464 678 687 724 scribendi
760 676 994 720 consilium
1058 678 1244 732 cepisset
1265 709 1278 730 ‚
1335 677 1559 726 doctrinae
1619 692 1724 722 suae
1784 680 1974 734 speeiem

464 743 510 780 et
529 739 715 779 formam
737 736 883 778 animo
911 733 1102 775 tenuisse
1128 735 1431 791 consignatam
1456 736 1666 790 adeoque,
1697 749 1785 791 qua
1806 737 1977 778 ratione

465 808 566 838 eam
589 792 792 848 deinceps
811 799 1042 847 exponeret
1060 799 1102 833 et
1124 792 1297 846 scriptis
1312 791 1568 844 illustraret,
1589 792 1879 835 deliberatum
1895 794 1979 835 ha—

463 852 614 895 buisse
636 849 885 892 consilium.
943 851 1099 903 ltaque
1116 849 1351 903 ampliores
1367 855 1410 890 et
1445 849 1674 905 graviores
1695 849 1890 891 Platonis
1921 850 1979 892 li-

463 911 571 952 bros
589 907 976 961 censuitperpetua
992 907 1176 960 quadam
1201 906 1451 961 argumenti
1470 906 1920 949 continuationeinter
1930 920 1978 948 se

462 964 635 1010 iunctos
664 971 707 1006 et
739 977 952 1005 connexos
992 976 1110 1016 esse,
1151 977 1282 1017 quam
1314 962 1490 1017 quidem
1536 963 1887 1006 coniunctionem
1931 963 1978 1005 in

463 1020 807 1080 praefationibus
829 1006 1016 1075 singulis
1039 1019 1315 1062 sermonibus
1337 1017 1588 1074 praemissis
1610 1020 1777 1062 studuit
1799 1021 1981 1062 demon-

464 1086 629 1139 §rare3
658 1078 849 1120 minores
868 1063 1015 1119 anteiit
1037 1077 1238 1132 dialogos
1256 1083 1332 1119 aut
1351 1076 1440 1118 illis
1477 1079 1684 1131 tanquam
1716 1077 1978 1133 appendices

463 1143 509 1180 et
542 1134 671 1192 quasi
699 1134 978 1177 administros
1014 1133 1237 1185 attribuit,
1275 1138 1352 1175 aut
1385 1148 1462 1188 pro
1499 1134 1979 1189 suppositiciisliabuit.

466 1196 731 1250 Quanquam
769 1198 917 1233 autem
957 1191 1023 1233 Sc
1035 1191 1066 1232 h
1080 1192 1095 1232 1
1108 1189 1156 1232 ei
1170 1204 1194 1231 e
1206 1204 1281 1231 rm
1295 1204 1321 1232 a
1333 1190 1396 1232 ch
1411 1204 1466 1232 er
1480 1206 1506 1232 u
1521 1208 1541 1235 s
1570 1202 1734 1247 magno
1753 1206 1854 1232 cum
1875 1206 1980 1234 acu·-

463 1251 585 1293 mine
607 1251 725 1292 hanc
742 1247 1082 1302 disputationem
1104 1247 1293 1290 instituit
1313 1248 1508 1302 adeoque
1528 1248 1636 1290 viris
1660 1248 1854 1305 egregiis
1883 1247 1982 1302 qui-

464 1308 654 1352 busdam
679 1306 808 1361 plane
833 1305 1057 1359 probavit,
1096 1311 1242 1347 tamen
1262 1318 1363 1346 mox
1392 1304 1649 1347 exstiterunt
1679 1306 1753 1360 qui
1774 1317 1870 1347 eam
1895 1305 1981 1347 im·-

465 1367 729 1422 pugnarent.
796 1361 972 1404 Etenim
1003 1361 1199 1404 Astius
1230 1367 1273 1403 et
1323 1361 1608 1403 Sochcrus
1645 1362 1724 1404 illa
1758 1361 1979 1416 acquiesci

463 1432 593 1478 posse
617 1430 795 1477 prorsus
818 1425 1050 1474 negarunt.
1117 1419 1174 1460 Et
1194 1417 1272 1460 ine
1293 1417 1471 1473 quidem
1502 1425 1602 1461 ante
1634 1419 1782 1461 omnia
1813 1419 1982 1462 censuit

467 1477 796 1523 informandam
815 1490 910 1517 esse
944 1477 1093 1518 animo
1128 1477 1316 1519 formam
1355 1482 1397 1517 et
1447 1476 1639 1530 speciem
1679 1476 1904 1518 doctrinae·
1936 1479 1980 1518 et

465 1534 651 1579 rationis
673 1533 951 1584 Platonicae,
981 1534 1095 1575 unde
1115 1539 1234 1574 certo
1249 1538 1394 1588 posset
1418 1532 1628 1584 iudicari,
1669 1534 1847 1589 quinam
1873 1533 1980 1575 libri

464 1591 642 1638 Platoni
664 1590 883 1633 tribuendi
903 1596 1069 1642 essent,
1098 1595 1142 1631 et
1164 1589 1341 1643 quinam
1364 1589 1659 1632 nbiudicandi.
1703 1592 1753 1632 ln
1773 1590 1982 1632 delinien—

467 1651 524 1692 do
549 1654 696 1692 nutem
717 1647 870 1689 ordine
888 1646 1068 1689 illorum
1090 1651 1288 1697 nontam
1315 1647 1401 1689 hoc
1432 1648 1716 1702 spectandum
1740 1662 1834 1689 esse
1868 1643 1983 1689 iudi·-

464 1707 605 1757 cavit,
644 1710 692 1747 ut
729 1704 959 1759 paullatim
996 1705 1138 1746 iustae
1186 1703 1443 1757 disciplinae
1475 1705 1647 1747 numeri
1689 1706 1981 1760 explerentur,

463 1777 601 1819 quum
623 1762 759 1813 illud,
791 1766 838 1803 ut
865 1767 985 1803 certa
1005 1761 1217 1815 quaedam
1254 1760 1494 1802 disserendi
1529 1763 1642 1803 ratio
1671 1768 1714 1803 et
1741 1763 1883 1805 forma
1903 1775 1982 1816 per

467 1835 542 1863 eos
573 1824 795 1875 regnaret.
872 1819 928 1860 Et
957 1818 1119 1860 rationi
1154 1816 1331 1871 quidem
1358 1819 1612 1860 Platonicae
1642 1819 1727 1860 hoc
1752 1819 1981 1873 proprium

468 1890 565 1920 esse
589 1875 779 1927 censuit,
806 1880 854 1917 ut
872 1875 1068 1918 animum
1093 1888 1119 1917 a
1140 1874 1273 1916 rebus
1290 1876 1490 1917 sensibus
1512 1876 1720 1918 subiectis
1744 1875 1981 1918 sublimem

465 1935 673 1977 eveheret
692 1933 745 1975 ad
776 1942 992 1974 summam
1024 1931 1300 1987 perfectionis
1332 1933 1522 1987 speciem
1557 1947 1699 1988 neque
1721 1947 1767 1974 se
1790 1946 1983 1987 unquam

465 1992 525 2036 ad
542 2005 612 2033 res
634 1991 851 2031 humanas
869 1990 1138 2041 demitteret,
1178 1989 1282 2044 quin
1300 1987 1355 2030 iis
1375 1989 1491 2031 hanc
1528 1996 1736 2044 tanquam
1759 1989 1985 2032 donuinam

464 2054 598 2103 atque
625 2047 886 2103 magistram
913 2046 1181 2102 praeficeret.
1241 2046 1463 2100 Quocirca
1481 2061 1631 2089 omnes
1651 2061 1726 2089 eos
1755 2046 1911 2100 libros,
1935 2046 1983 2089 in

463 2104 628 2162 quibus
654 2104 727 2147 vel
747 2100 871 2145 illius
891 2103 1176 2146 sublimitatis
1199 2114 1338 2157 parva
1366 2110 1442 2146 aut
1462 2105 1588 2146 nulla
1606 2103 1985 2160 vestigia‘reperi-

464 2168 644 2214 rentur,
672 2159 745 2204 vel
765 2160 1005 2211 disserendi
1022 2160 1137 2203 ratio
1157 2159 1304 2202 minus
1326 2167 1439 2203 esset
1466 2161 1706 2204 artificiosa
1737 2165 1867 2216 atque
1892 2159 1985 2203 ele-

465 2234 608 2277 gans,
640 2218 817 2262 Platoni
846 2217 1139 2268 abiudicavit;
1170 2222 1337 2260 ceteros
1357 2223 1503 2260 autem
1526 2218 1571 2260 in
1595 2218 1860 2270 Socraticos,-
1890 2218 1985 2261 dia-

462 2277 646 2321 lecticos
667 2282 711 2319 et
729 2273 1244 2318 Socratico-Platonicos
1278 2272 1447 2326 divisit3
1477 2276 1531 2316 de
1558 2289 1645 2330 qua
1673 2274 1984 2318 distributione

465 2334 693 2377 monuisse
718 2332 823 2375 satis
845 2339 924 2375 est.
982 2331 1157 2383 Facile,
1189 2332 1365 2387 opinor,
1394 2338 1459 2374 est
1486 2332 1540 2374 ad
1562 2328 1845 2374 iudicandum
1867 2332 1985 2374 hanc

459 2391 680 2435 rationem
700 2386 941 2446 plurimum
970 2389 1150 2431 diss'erre
1171 2390 1228 2431 ab
1262 2401 1337 2439 ea,
1376 2399 1509 2443 quam
1544 2388 1644 2431 iniit
1673 2386 1913 2431 Schleie
1931 2403 1986 2430 r-

466 2462 514 2491 m
528 2458 594 2492 ac
608 2447 779 2489 herus
793 2474 805 2498 ,
835 2452 884 2488 ut
904 2460 990 2487 non
1018 2445 1219 2488 miranda
1239 2444 1295 2487 sit
1309 2444 1539 2488 diversitas
1562 2444 1844 2498 iudiciorum,
1871 2459 1986 2501 quae

463 2506 522 2549 ab
570 2509 756 2559 utroque
792 2503 887 2545 viro
935 2503 1062 2545 docto
1106 2502 1160 2543 de
1203 2500 1359 2544 iisdem
1397 2503 1531 2545 rebus
1570 2502 1664 2545 lata
1706 2509 1820 2544 sunt.
1899 2503 1984 2545 Ve-

461 2574 565 2605 rum
602 2569 757 2603 neuter
797 2560 1048 2602 satisfacere
1088 2557 1232 2614 potuit
1274 2558 1420 2601 Soch
1435 2572 1546 2611 ero,
1595 2559 1671 2614 qni
1708 2559 1809 2601 ante
1834 2558 1984 2603 omnia

463 2625 714 2675 temporum
736 2617 937 2672 vitaeque
961 2616 1078 2659 vices
1099 2615 1427 2672 investigandas
1460 2616 1651 2669 censuit,
1680 2617 1735 2659 ad
1757 2631 1864 2672 quas
1883 2616 1984 2673 phi-

459 2675 674 2731 losophus
697 2674 915 2717 scribendi
935 2673 1120 2716 consilia
1131 2673 1543 2717 accommodaverit.
1589 2671 1744 2729 Itaque
1765 2676 1854 2716 l'ere
1876 2687 1983 2717 ean·

454 2733 565 2775 'dem
584 2733 808 2788 ingressus
826 2735 891 2774 est
918 2730 1063 2782 viam,
1093 2741 1226 2786 quam
1246 2731 1288 2772 T
1303 2744 1364 2771 en
1379 2745 1407 2773 n
1425 2739 1660 2774 ennannu
1673 2746 1722 2783 s,
1751 2730 1813 2774 ita
1835 2738 1982 2774 tamen

462 2795 514 2833 ut
534 2789 591 2833 ab
610 2789 743 2831 huius
763 2788 925 2831 iudicio
946 2789 1106 2843 passim
1135 2788 1361 2829 recederet
1395 2792 1440 2830 et
1467 2788 1521 2830 de
1547 2794 1638 2830 tota
1669 2800 1804 2830 causa
1828 2791 1982 2845 ageret

459 2846 696 2903 copiosius.
754 2842 841 2888 Sed
862 2846 975 2900 quod
997 2844 1157 2887 accidit
1174 2845 1292 2887 Ten
1307 2853 1574 2887 nemanno
1588 2875 1600 2899 ,
1631 2850 1681 2888 ut
1696 2842 1980 2902 dialogorum

463 2903 743 2960 quorundam
783 2907 1097 2959 argumentum
1136 2904 1179 2944 et
1221 2901 1453 2943 consilium
1492 2912 1650 2958 parum
1700 2903 1981 2958 perspiceret,

462 2961 583 3004 idem
604 2960 742 3003 etiam
769 2960 838 3002 So
854 2960 918 3001 ch
933 2973 991 3000 er
1005 2973 1030 3000 o
1055 2959 1228 3001 videtur
1253 2956 1465 3001 accidisse
1480 2991 1492 3011 ,
1521 2957 1596 3014 qui
1615 2964 1707 3001 tum
1733 2959 1786 3001 de
1806 2958 1905 3001 aliis
1927 2958 1984 3000 li-

463 3017 558 3061 bris
590 3031 675 3059 non
709 3017 816 3059 satis
856 3022 983 3059 caute
1013 3013 1248 3071 iudicavit,
1286 3020 1380 3058 tum
1411 3017 1471 3059 So
1503 3017 1690 3068 histum,
1726 3013 1983 3068 Ponticum,

464 3073 803 3127 numenium,
835 3085 943 3128 quos
976 3070 1116 3115 libros
1149 3087 1236 3115 non
1267 3072 1440 3114 videtur
1475 3072 1767 3124 mtenexisse,
1807 3071 1984 3114 Platoni

463 3142 643 3188 prorsus
663 3130 947 3173 abiudicavit.
1006 3130 1093 3172 Sed
1111 3127 1223 3172 haee
1250 3129 1484 3172 sufficiant.
1554 3130 1656 3171 Hoc
1691 3140 1827 3171 unum
1860 3128 1984 3171 addi-

462 3198 585 3244 mus,
614 3187 741 3231 nobis
765 3200 908 3243 neque
935 3182 1490 3238 Schleiermacheri‚
1519 3197 1663 3241 neque
1694 3179 1872 3238 Astii,
1903 3200 1983 3228 ne-

463 3256 551 3300 que
597 3244 665 3288 So
678 3244 842 3287 cheri
877 3244 1094 3288 rationem
1133 3243 1254 3286 omni
1285 3257 1337 3286 ex
1372 3249 1497 3299 parte
1532 3242 1806 3296 satisfacere,
1849 3248 1983 3297 atque

461 3299 508 3344 in
530 3302 616 3345 hac
635 3314 771 3345 causa
792 3301 856 3343 sic
879 3301 1140 3344 versandum
1160 3301 1332 3352 videri,
1372 3305 1422 3354 ut
1453 3306 1549 3343 tum
1573 3301 1629 3342 ad
1661 3300 1799 3343 vitam
1819 3305 1864 3342 et
1892 3300 1985 3342 for-

453 3362 613 3404 tunam
648 3358 928 3416 philosophi,
960 3364 1054 3402 tum
1091 3358 1150 3402 ad
1181 3357 1404 3401 scribendi
1447 3356 1704 3401 occasiones
1732 3362 1778 3401 et
1810 3366 1981 3409 musas,
