2040 3646
307 174 413 239 142
975 172 1334 235 PLATONIS

308 315 476 392 μένας
487 311 674 386 πόλεις
684 314 777 375 καὶ
785 319 895 375 τῶν
905 313 1126 395 ἀνδρῶν
1136 315 1271 427 τοὺς
1281 318 1722 396 κοσμιωτάτους·
1699 367 1717 391 ,
1749 323 1841 384 καὶ
1853 330 1992 386 coii-

309 422 373 458 το
384 404 637 458 ποιοῦντι
650 423 757 477 αρα
769 399 923 472 ἄξιόν
937 415 1026 461 σοι
1043 406 1111 482 ζ
1077 427 1144 462 Υν
1167 402 1350 463 ε’σται·
1327 449 1344 472 ,
1387 428 1425 484 η
1398 401 1758 485 Ἆπλησιάσεις
1770 408 1991 515 τούτοις

307 485 401 542 καὶ
416 482 861 587 ἀναισχυντήσας
875 486 1253 565 διαλεγόμενος
1265 523 1352 534 —-·
1371 490 1522 562 τίνας
1534 491 1774 599 λόγους,
1800 518 1844 552 ω
1821 485 1988 555 ςΣοί--

306 582 530 646 κρατεςς
571 566 609 648 ἢ
633 565 838 647 οῧςπερ
865 571 1088 645 ἐνθάδε,
1132 571 1207 646 ὡς
1229 571 1267 653 ἡ
1294 571 1456 654 ἀρετὴ
1477 577 1571 634 καὶ
1590 574 1628 657 ἡ
1658 579 1987 685 δικαιοσύνη

304 655 566 713 πλείστου
579 652 731 724 ἄξιον
744 663 858 728 τοῖς
870 653 1191 762 ἀνθρώποις
1203 660 1294 716 καὶ
1316 655 1382 717 τὰ
1390 658 1592 737 νόιιιμα
1613 663 1708 720 καὶ
1730 663 1784 720 οἱ
1793 661 1986 741 νόμοι·
1963 709 1984 733 ,

302 740 396 798 καὶ
408 762 516 799 ουκ
534 741 633 798 οἴει
648 736 895 819 ἄσχηιιον
907 738 974 801 ἂν
984 749 1282 818 φανεισθαι
1292 765 1356 803 το
1377 765 1482 803 του
1458 715 1831 823 Σωκράτους
1841 754 1987 826 πρᾶ-

195 827 456 910 Βγμα·
422 869 439 892 ,
468 825 705 883 οἴεσθαί
716 848 773 903 γε
790 825 910 905 χρή.
953 824 1088 885 Ἀλλ’
1101 827 1159 885 ἐκ
1182 829 1280 903 μὲν
1301 827 1512 889 τούτων
1524 835 1632 889 τῶν
1642 830 1825 892 τόπων
1839 831 1983 892 απα-

298 916 426 986 ρεῖς,
449 906 595 988 ἥξεις
618 910 676 967 δὲ
691 911 766 982 εἰς
789 912 1083 970 Θετταλίαν
1094 910 1243 986 παρα
1266 911 1400 986 τούς
1414 911 1606 987 ξένους
1617 913 1750 989 τοὺς
1765 919 1983 993 Κοίτω-

295 1016 409 1066 νος·
451 995 562 1052 ἐκεῖ
582 990 686 1072 γαρ
714 991 786 1072 δὴ
808 997 1040 1076 πλείστη
1067 969 1256 1066 αταξία
1279 999 1373 1057 καὶ
1399 996 1685 1072 ακολασία,
1726 1003 1819 1060 καὶ
1852 1004 1984 1076 ισως

296 1074 366 1138 αἰ)
389 1076 568 1163 ἡδέως
597 1093 708 1141 σου
734 1076 993 1145 ακούοιεν
1017 1078 1092 1158 ὡς
1116 1083 1338 1209 γελοίως
1377 1083 1436 1143 ἐκ
1475 1089 1580 1144 τοῦ
1579 1087 1982 1168 δεσμωτηρίου

693 1265 714 1287 X

350 1324 445 1391 ἆρα
471 1328 606 1386 ἄξιόν
634 1346 708 1378 σοι
728 1334 809 1390 ζῆν
832 1330 999 1404 ἔσται]
1019 1333 1131 1378 vett.
1155 1333 1276 1379 editt.
1299 1326 1395 1394 ἆρα
1417 1330 1553 1390 ἄξιον
1575 1333 1671 1382 ἔστι
1701 1349 1776 1382 σοι
1796 1333 1893 1396 ζῆν.

349 1393 479 1441 τίνας
503 1388 700 1462 λόγους]
734 1393 781 1435 V.
802 1389 931 1442 τινὰς
950 1389 1126 1446 λόγους.

348 1444 556 1505 ἄσχημον
580 1444 637 1492 ὃὶν
661 1449 945 1506 φανεῖσθαι]
975 1450 1120 1505 Vulgo
1146 1445 1204 1493 ἅν
1224 1449 1397 1503 decrat,
1427 1450 1545 1507 quod
1567 1465 1622 1495 ex
1644 1451 1770 1500 codd.
1808 1453 1980 1509 aliquot

288 1507 487 1549 melioris
509 1514 639 1550 notae
659 1507 961 1562 recipiendum
982 1507 1198 1551 duximus.

347 1561 396 1606 ἐκ
415 1580 499 1619 μεν
522 1563 699 1608 τούτων
723 1565 816 1607 τῶν
835 1563 1014 1617 τόπων]
1047 1565 1095 1605 V.
1117 1562 1165 1608 ἐκ
1190 1560 1370 1608 τούτων
1393 1565 1488 1608 τῶν
1508 1563 1699 1611 πόλεων.
1756 1566 1874 1610 Illud
1894 1566 1979 1610 ha-

284 1621 392 1663 bent
414 1622 536 1665 codd.
563 1621 732 1676 optimi.
790 1622 903 1664 Dein
907 1623 960 1664 de
982 1624 1083 1663 vett.
1106 1621 1226 1666 editt.
1256 1618 1386 1681 παρὰ
1413 1620 1526 1674 τοὺς
1561 1621 1720 1678 ξένους
1755 1625 1842 1669 τοῦ
1864 1624 1977 1683 Κρί-

283 1676 452 1736 τωνος,
484 1679 601 1735 quod
621 1694 674 1722 ex
692 1678 816 1724 codd.
847 1680 1142 1723 emendatum.
1986 1687 1994 1690 ’

340 1847 419 1893 καὶ
444 1850 538 1892 τῶν
559 1844 744 1917 ἀνδρων
765 1843 876 1898 τοὺς
899 1860 1094 1903 κοσμιω-

282 1905 483 1961 τάτους]
517 1905 713 1977 Κόσμιοι
750 1905 956 1948 dicuntur
994 1905 1095 1960 qui

281 1969 522 2007 servant
551 1961 633 2008 τὸν
658 1960 844 2018 κόσμον,
874 1964 918 2005 h.
941 1979 979 2006 e.
1012 1977 1094 2004 or-

281 2022 466 2064 dinem
508 2026 562 2064 et
598 2021 841 2071 modum3
882 2021 928 2062 h.
956 2035 994 2062 e.
1024 2019 1094 2062 in-

279 2083 470 2135 terprete
503 2079 696 2121 Fisch.
711 2110 722 2131 ,
766 2077 855 2132 qui
893 2077 1091 2129 vitam,

275 2150 490 2189 mores,
517 2136 736 2189 studia,
767 2135 1093 2191 diligenter

276 2193 546 2250 dirigunt
611 2199 665 2236 et
731 2197 1088 2248 componunt

273 2251 338 2294 ad
366 2253 559 2308 legum
587 2249 1087 2300 normam31node-

274 2308 377 2360 sti,
420 2308 602 2365 probi.
649 2323 693 2350 v.
725 2281 988 2351 Perizon.
1029 2306 1086 2352 ad

271 2365 442 2411 Aelian.
468 2367 516 2410 V.
542 2367 601 2408 H.
623 2365 736 2409 XIV.
759 2365 801 2409 7.

328 2465 376 2507 C.
418 2462 499 2509 καὶ
538 2463 677 2508 τοῦτο
726 2463 942 2508 ποιοῦντι
993 2455 1087 2520 ἆρα

270 2515 342 2575 ἔξ.
355 2521 376 2579 ]
405 2522 632 2564 Phaedon.
654 2537 694 2578 p.
716 2520 789 2566 6).
814 2522 866 2563 Λ.
896 2518 974 2564 καὶ
1003 2522 1081 2569 60-

267 2582 341 2623 κεῖ
366 2578 416 2634 γε’
451 2595 543 2624 που
567 2582 666 2629 τοῖς
688 2581 874 2627 πολλοῖς
896 2574 1080 2648 ανθρώ-

265 2652 397 2691 ποις,
431 2629 469 2704 ᾦ
487 2634 559 2710 μὴ
580 2635 658 2680 δὲν
683 2631 772 2710 ἦδι
799 2637 893 2680 τῶν
922 2634 1081 2680 τοιού-

264 2709 379 2748 των,
413 2710 497 2737 ουκ
528 2692 661 2747 ἄξιον
698 2690 815 2736 εἶναι
852 2694 947 2749 ζῆν.
999 2693 1078 2736 ubi

263 2765 304 2794 v.
330 2756 476 2794 annot.
496 2776 526 2787 -
552 2753 661 2796 Mox
681 2765 782 2793 cum
801 2752 972 2794 Iacob
987 2765 1006 2792 s
1021 2750 1074 2794 io

261 2809 432 2862 scrip.
404 2809 544 2853 imus:
591 2807 670 2853 καὶ
702 2805 1077 2863 οἷναισχυντήσεις

258 2863 580 2920 διαλεγόμενος
604 2891 634 2898 -
653 2865 781 2915 τίνας
805 2863 995 2919 λόγους,
984 2880 995 2890 ·
1025 2870 1076 2908 ut
1107 2916 1110 2917 ⁷

257 2923 470 2966 orationis
487 2929 612 2965 tenor
634 2923 979 2978 interrogatione
999 2937 1072 2964 su-

255 2980 351 3022 bito
381 2980 508 3023 illata
540 2985 747 3048 mptctur.
816 2981 1074 3048 Legebatur

255 3036 388 3079 olim:
448 3036 526 3081 καὶ
561 3014 964 3104 ἀναισχυντήσας
969 3039 1068 3079 διοι-

252 3091 496 3165 λεγόμενός
526 3111 656 3145 τινας
694 3091 774 3145 λοι
778 3110 881 3150 ους
929 3086 964 3136 ὦ
991 3097 1064 3149 Σ.,

250 3167 280 3205 η
305 3150 472 3220 οὕςπες
495 3150 677 3196 ἐνθάδε.
727 3152 977 3194 Pronomen
999 3152 1069 3193 iu-

247 3214 572 3265 terrogatxvum
620 3210 749 3258 τίνας
790 3208 838 3252 iu
889 3207 1066 3265 optimis

247 3266 373 3309 codd.
371 3244 618 3338 ‘’repertum
641 3271 719 3309 est.

304 3319 512 3393 ἄσχημον
543 3319 602 3367 ὂέν
627 3322 930 3379 φανεῖσθαι]
955 3323 1065 3365 Par-

241 3379 380 3423 ticula
421 3376 483 3425 ἄν
522 3396 626 3423 cum
658 3383 805 3423 futuro
831 3380 1066 3424 coniuncta

238 3437 355 3511 nihil
365 3438 505 3486 habet
519 3437 795 3485 insolentiae.
811 3452 854 3482 v
864 3436 895 3482 S
906 3451 930 3479 c
938 3437 973 3484 h
983 3450 1010 3485 a
1018 3450 1066 3479 o·-

1152 1848 1348 1892 'ferum
1383 1848 1439 1892 ad
1469 1851 1656 1907 Gregor.
1688 1850 1887 1894 Corinth.
1926 1866 1970 1908 p.

1160 1905 1230 1948 66.
1263 1912 1307 1949 et
1332 1921 1440 1962 quos
1470 1908 1549 1950 ille
1587 1908 1796 1951 laudavit
1847 1909 1990 1959 Adde,

1158 1963 1409 2006 Lobeck.
1449 1965 1502 2007 ad
1506 1965 1771 2034 ‘'”Phrjniclr
1802 1980 1845 2021 Ρ.
1868 1965 1970 2010 733.

1158 2021 1375 2090 Reisig.
1399 2022 1452 2063 de
1475 2021 1520 2064 vi
1539 2027 1582 2065 et
1601 2037 1686 2064 usu
1708 2017 1766 2066 ἄν
1783 2030 1896 2078 part.
1925 2037 1968 2079 Ρ.

1158 2075 1256 2120 165.
1297 2079 1456 2121 Rost.
1479 2083 1520 2132 ς.
1541 2079 1638 2122 120.
1670 2095 1707 2122 c.
1728 2081 1830 2123 B.-
1857 2081 1970 2122 For-

1157 2135 1281 2177 mula
1305 2135 1493 2179 οιεσθαι
1503 2151 1552 2191 γε
1572 2133 1657 2204 χρή
1677 2137 1740 2179 sic
1753 2151 1968 2192 saepenu-

1152 2205 1249 2233 mel
1252 2207 1277 2234 o
1291 2194 1404 2235 solet
1422 2193 1636 2273 interponi
1650 2194 1876 2265 reliquae
1869 2208 1967 2236 ora-

1153 2248 1276 2292 tioni.
1355 2252 1461 2295 Mox
1478 2267 1519 2307 Ρ.
1542 2249 1612 2295 54.
1641 2252 1694 2294 Β.
1725 2249 1807 2324 ξαν
1832 2249 1882 2295 δὲ
1903 2251 1968 2302 εἰς

1140 2299 1296 2350 Ἀιδου
1322 2267 1655 2365 ἁποδημήσῃς,
1686 2303 1789 2364 ουχὶ
1813 2306 1969 2378 ἐπιμε-

1150 2361 1393 2418 λησονται,
1435 2389 1464 2397 -
1516 2365 1704 2408 οἴεσθαί
1758 2380 1807 2421 γε
1860 2363 1964 2423 χρή.

1150 2422 1317 2463 Phacd.
1338 2437 1379 2490 Ρ
1403 2422 1472 2465 68.
1492 2422 1544 2463 Α.
1577 2421 1662 2466 οὐκ
1683 2435 1878 2490 ασμενος
1903 2421 1964 2466 εῖ-

1151 2491 1223 2521 σιν
1239 2473 1429 2530 αὕτοσες
1460 2476 1823 2554 οἰέσθαίγεχρή.
1851 2481 1963 2522 Pro-

1148 2540 1240 2592 tag.
1270 2551 1311 2592 p.
1337 2510 1435 2580 325⁹.
1456 2537 1503 2579 C.
1534 2537 1684 2581 ταῦτα
1711 2533 1750 2580 δ’
1783 2537 1876 2595 agot
1902 2553 1960 2585 ου

1149 2591 1450 2636 διδάσκονται
1496 2587 1596 2638 οὐδ’
1637 2591 1961 2646 ἐπιμελοῦνται

1143 2650 1300 2694 πᾶσαν
1333 2647 1616 2705 ἐπιμέλειανς
1672 2651 1859 2695 οἴεσθαί
1907 2667 1958 2708 γε

1142 2704 1243 2764 χρή.
1288 2708 1425 2762 Gorg.
1448 2722 1489 2762 Ρ.
1515 2706 1612 2750 412.
1631 2709 1683 2750 Β.
1721 2710 1861 2752 Plura
1880 2709 1959 2753 da-

1142 2766 1210 2808 bit
1231 2765 1624 2832 Wyttonbach.
1647 2767 1704 2809 ad
1730 2767 1959 2812 Phaedon.

1142 2836 1183 2877 Ρ.
1206 2821 1290 2865 168
1310 2837 1373 2878 sq.
1405 2823 1471 2864 ed.
1493 2822 1612 2879 Lips-

1199 2916 1294 2963 ἐκεῖ
1303 2918 1387 2977 γὰο
1401 2916 1457 2975 δὴ
1472 2920 1699 2977 πλείστη·
1708 2919 1952 2990 ἀκολασία]

1138 2977 1311 3020 »Thess
1315 2978 1376 3019 ali
1441 2978 1585 3021 enim
1626 2984 1722 3022 tum
1766 2979 1952 3022 infames

1137 3040 1261 3077 crant
1283 3037 1340 3077 ol)
1364 3034 1590 3078 licentiam
1612 3036 1955 3092 libextatemquo

1133 3092 1321 3142 vivendi,
1335 3092 1691 3144 fraudulentiam,
1709 3094 1952 3146 levitatem,

1131 3149 1479 3200 immodestiam,
1530 3150 1844 3205 petulantiam,
1882 3151 1953 3192 lu·-

1131 3207 1327 3259 xuriem,
1358 3207 1568 3317 ιιΙίιιιῙιιοΡ
1560 3207 1683 3250 vitia.
1715 3222 1755 3248 v.
1774 3207 1949 3249 Athe-¹

1131 3278 1309 3306 naeus
1346 3264 1418 3306 lv,
1458 3265 1500 3306 6.
1613 3263 1709 3306 137.
1742 3265 1795 3306 Χ.
1832 3263 1872 3307 4.
1990 3264 1992 3267 ’

1131 3321 1228 3365 418.
1261 3322 1360 3363 xll.
1385 3321 1427 3362 6.
1454 3335 1496 3376 p.
1547 3320 1616 3362 27.
1649 3321 1764 3368 XIV.
1799 3319 1869 3369 23
1898 3335 1944 3381 Ρ.

1129 3378 1270 3427 663.«
1304 3377 1632 3426 Fischerus.
