2040 3646
200 165 372 220 ,mv

231 308 343 353 locis
377 310 729 362 recenseremus,
769 307 849 353 ubi
875 321 959 356 res,
980 310 1203 366 postulare
1235 308 1472 354 videretur.
1539 311 1694 368 Itaque
1731 311 1808 368 qui
1836 326 1914 357 cu-

231 394 358 450 piunt
385 393 642 450 diligentius
669 393 920 437 examinare
944 394 1222 451 singulorum
1243 396 1444 438 locorum
1462 394 1677 440 rationem
1697 381 1913 452 criticam,

229 478 286 521 iis
306 479 458 534 utique
480 478 669 521 adeundi
691 483 791 522 sunt
825 479 968 522 critici
990 480 1292 524 commentarii
1323 481 1380 523 ab
1411 480 1499 524 Im.
1528 481 1785 526 Bekkero
1809 486 1858 528 et
1885 497 1913 529 a

230 562 360 608 nobis
401 563 553 613 editiz,
573 563 651 618 qui
678 563 725 606 in
762 564 1016 608 universum
1046 566 1162 609 scire
1195 565 1371 619 volunt,
1407 564 1513 620 quid
1550 570 1594 609 et
1619 568 1837 622 quomodo
1863 567 1911 610 in

227 648 341 692 locis
373 647 701 693 difficilioribus
735 663 763 692 a
790 649 990 701 librariis
1023 650 1236 707 scriptum
1269 649 1348 703 sit,
1385 650 1436 692 hi
1472 654 1702 707 poterunt,
1738 651 1910 708 opinor,

228 733 316 776 hae
328 737 480 777 nostra
495 747 630 790 opera
651 734 946 790 acquiescere.
1003 735 1089 778 Sed
1111 740 1285 791 praeter
1307 739 1505 780 veterum
1525 735 1744 781 librorum
1757 736 1912 780 lectio-

227 832 307 861 nes
328 818 772 865 commemoravimus
793 819 930 864 etiam
963 820 1237 864 coniecturas
1273 820 1470 864 virorum
1506 804 1763 875 doctorum,
1800 835 1915 877 quae

221 904 301 947 rvel
326 903 580 960 probabiles
606 905 679 947 vel
700 905 974 952 necessariae
1003 905 1268 950 viderentur.
1344 905 1459 950 Nam
1490 919 1603 961 quae
1631 907 1772 950 falsae
1807 909 1911 949 sunt

225 992 307 1033 aut
325 1002 718 1046 supervacaneae,
745 1003 820 1033 eas
852 990 1027 1034 silentio
1056 990 1300 1047 praeterire
1334 989 1549 1046 optimum
1582 991 1802 1035 duximus.
1857 991 1911 1034 In

217 1073 509 1119 diiudicanda
527 1078 677 1121 autem
694 1074 921 1123 variarum
944 1075 1186 1119 lectionum
1211 1075 1505 1132 discrepantia
1535 1089 1623 1119 non
1655 1075 1802 1132 magis
1823 1074 1911 1119 fui·-

218 1172 326 1205 -mus
350 1159 540 1216 copiosi,
578 1160 656 1205 sed
687 1164 763 1203 aut
788 1160 984 1204 breviter
1016 1159 1294 1213 monuimus,
1322 1160 1361 1204 si
1395 1160 1502 1216 quid
1528 1175 1637 1217 opus
1659 1161 1912 1213 videbatur,

223 1249 304 1289 au‘t
328 1245 558 1290 adrerum
576 1248 621 1288 et
635 1245 877 1288 verborum
894 1245 1300 1302 interpretationem
1326 1245 1645 1302 ablegavimus.
1690 1246 1910 1302 Pleraque

213 1329 359 1385 enim,
389 1343 503 1386 quae
521 1330 577 1373 ad
597 1330 797 1374 criticam
813 1330 1030 1381 rationem
1051 1330 1286 1387 pertinent,
1315 1345 1417 1373 cum
1443 1345 1595 1373 rerum
1611 1335 1656 1374 et
1675 1330 1912 1378 sententia-

216 1429 325 1459 :rum
345 1414 644 1458 illustratione
665 1419 756 1459 tam
782 1419 905 1460 arcte
935 1415 1168 1460 coniuncta
1196 1419 1323 1467 sunt,
1363 1419 1412 1459 ut
1445 1415 1523 1471 qui
1549 1416 1632 1463 illa
1656 1415 1750 1461 sine
1773 1396 1910 1460 huius

214 1513 306 1556 -ope
330 1513 429 1544 sese
448 1503 606 1557 putant
626 1506 747 1546 recte
772 1504 963 1554 tractare
983 1515 1110 1557 posse
1123 1533 1136 1554 ,
1163 1500 1277 1544 miro
1305 1500 1353 1543 in
1374 1515 1522 1544 errore
1543 1486 1712 1547 versari
1731 1516 1913 1553 censen-

210 1585 271 1630 ‚di
296 1585 398 1630 sint.
455 1586 610 1642 Itaque
633 1586 877 1642 plurimum
908 1599 1073 1642 operae
1094 1586 1142 1629 in
1170 1600 1322 1632 rerum
1352 1589 1396 1630 et
1426 1588 1662 1630 verborum
1693 1586 1911 1643 interpre-

211 1670 391 1715 tatione
417 1670 660 1727 posuimus.
721 1672 820 1728 Quo
846 1671 894 1714 in
916 1685 1079 1728 gene-re
1104 1671 1186 1714 etsi
1213 1672 1549 1724 Fontei-tm,
1572 1671 1907 1725 Fischer-us,

219 1756 723 1814 Wyttenbaehius,
752 1758 1161 1810 Buttmannus,
1189 1755 1592 1811 Heindorlius‚
1621 1756 1909 1802 Schlcier-

218 1854 268 1885 m
282 1853 311 1886 a
325 1841 394 1883 eh
407 1855 538 1884 erus
558 1873 571 1895 ‚
599 1842 669 1886 As
682 1845 698 1885 t
713 1841 830 1895 ius,
857 1841 958 1895 alii,
987 1841 1229 1898 plurimum
1253 1842 1551 1898 elaborarunt,
1581 1846 1728 1889 tamen
1744 1855 1907 1898 *eorum

210 1926 409 1983 vestigia
445 1941 526 1970 nos
565 1940 655 1970 non
680 1926 746 1974 ita
762 1926 999 1983 pressisse,
1029 1931 1082 1971 ut
1102 1926 1218 1969 nihil
1240 1925 1326 1982 ipsi
1342 1926 1607 1980 viderimus,
1634 1927 1769 1971 facile
1786 1926 1906 1974 arbi-

204 2015 389 2056 -tramur
420 2011 731 2057 intellecturos
770 2026 891 2069 esse,
934 2011 1012 2071 qui
1051 2016 1202 2056 nostra
1239 2011 1505 2055 contulerint
1539 2025 1642 2055 oum
1673 2011 1728 2055 ii·
1743 2043 1757 2065 ‚
1776 1990 1908 2068 *quae

218 2099 277 2142 ab
314 2097 407 2140 illis
435 2101 537 2142 sunt
580 2097 812 2154 disputata.
843 2092 845 2095 ¹
879 2098 939 2143 Et
971 2098 1168 2153 profecto
1204 2096 1252 2140 in
1294 2096 1539 2140 scribendis
1578 2097 1907 2144 commentariis

205 2182 363 2239 magis
384 2182 520 2227 etiam
541 2183 791 2228 confirmati
811 2197 963 2226 sumus
982 2182 1031 2225 in
1053 2196 1106 2226 ea
1128 2182 1366 2235 sententia,
1396 2196 1530 2238 quam
1559 2182 1726 2225 dudum
1757 2196 1905 2231 susce-

207 2267 362 2324 pimus
378 2268 551 2321 animo,
582 2267 778 2314 dubitari
812 2271 932 2311 certe
965 2282 1118 2324 posse,
1145 2281 1203 2311 an
1240 2268 1339 2323 plus
1370 2281 1425 2310 ex
1457 2267 1756 2312 illustratione
1769 2281 1903 2323 quam

206 2353 525 2411 emendatione
539 2352 744 2398 utilitatis
761 2353 976 2396 redundet
995 2356 1091 2396 tum
1112 2352 1160 2395 in
1178 2352 1296 2409 ipsos
1324 2352 1558 2408 scriptores
1580 2358 1776 2405 veteres,
1806 2355 1902 2397 tum

203 2437 264 2482 ‚in
291 2438 553 2483 discentium
578 2437 765 2484 animos·
823 2437 1009 2493 Saepius
1029 2437 1149 2480 enim
1168 2436 1357 2480 vidimus
1376 2451 1456 2480 nos
1475 2437 1523 2479 in
1544 2438 1753 2482 obscuros
1777 2437 1901 2483 locos
1970 2478 1975 2483 .

212 2522 437 2577 incidere,
463 2523 540 2579 qui
555 2555 568 2575 ‚
597 2538 736 2578 quum
757 2522 1126 2580 ingeniosissimis
1146 2522 1411 2567 coniecturis
1443 2535 1470 2564 a
1494 2521 1607 2564 viris
1638 2521 1779 2566 doctis
1805 2526 1902 2567 ten-

214 2608 298 2652 tati
333 2612 502 2661 essent,
530 2608 709 2652 facilem
736 2609 954 2654 haberent
987 2607 1322 2664 explicationem
1352 2621 1406 2650 ex
1434 2606 1642 2663 diligenti
1669 2621 1819 2653 rerum
1847 2621 1901 2652 ac

213 2694 450 2737 verborum
468 2692 858 2749 interpretatione,
886 2706 974 2748 qua
1002 2696 1171 2738 certum
1197 2691 1401 2737 estnihil
1425 2692 1525 2748 plus
1552 2693 1706 2735 valere
1737 2693 1795 2758 ad
1830 2691 1901 2740 in-

213 2777 350 2835 genia
379 2778 475 2821 veri
511 2782 643 2834 atque
671 2778 817 2834 pulcri
842 2792 973 2823 sensu
1006 2777 1258 2822 imbuenda.
1332 2777 1384 2820 In
1418 2776 1729 2833 componendis
1748 2781 1900 2824 autem

211 2861 540 2907 commentariis
561 2862 723 2907 nostris
745 2876 848 2909 eam
865 2862 1083 2910 rationem
1100 2866 1250 2906 tenere
1265 2861 1528 2916 studuimus,
1555 2866 1606 2905 ut
1645 2875 1789 2927 neque
1821 2861 1900 2909 ad·-

207 2948 496 2991 misceremus
518 2961 595 3001 ea,
623 2961 739 3003 quae
764 2947 898 2991 nimis
929 2951 1073 2991 essent
1110 2948 1216 2992 trita
1239 2951 1283 2990 et
1304 2947 1535 3003 vulgaria,
1574 2961 1717 3002 neque
1747 2947 1898 2995 doctas

209 3032 547 3088 disputationes,
578 3046 695 3088 quae
734 3033 793 3076 ad
828 3033 1233 3089 interpretationem
1271 3031 1497 3088 scriptoris
1533 3030 1651 3075 nihil
1686 3031 1898 3083 valerent,

208 3117 502 3164 adiiceremus
516 3148 530 3171 ‚
567 3118 646 3164 sed
686 3130 740 3167 ea
777 3121 947 3165 tautum
987 3131 1367 3175 expromeremus,
1413 3098 1534 3172 quaes
1567 3114 1828 3162 hominihus
1847 3113 1895 3157 in

374 3334 861 3466 siditcrumtcritieorum
874 3396 887 3420 ,
910 3350 1017 3426 ''lqui¹
1032 3336 1131 3426 post
1160 3365 1276 3412 hanc
1291 3335 1294 3339 Δ
1307 3364 1449 3426 ipsam
1478 3359 1794 3421 praefationem
1821 3359 1898 3404 ad-

377 3433 446 3467 lcc
466 3433 517 3464 us
537 3435 581 3465 OS
604 3453 615 3465 .
