2040 3646
1684 163 1765 210 XV

77 287 182 359 811111
214 313 363 358 mente
389 308 666 356 intercedere
697 306 1079 354 necessItudinem.
1144 307 1215 352 Ex
1246 319 1336 367 qua·
1357 319 1408 352 re
1437 307 1517 366 qui
1545 307 1765 353 conficere

77 401 315 444 voluerunt
338 398 461 441 ideas
497 396 698 451 Platonis
732 395 850 440 nihil
877 404 973 438 esse
1013 393 1134 438 aliud
1169 390 1256 438 nisi
1291 397 1534 439 abstractas
1563 392 1765 439 notiones

78 485 228 529 animo
252 484 503 539 impressas,
532 482 567 525 ii
585 497 612 526 a
627 495 732 525 vero
751 480 943 526 multum
967 481 1242 524 aberrarunt.
1299 480 1399 524 Non
1417 480 1622 524 viderunt
1643 480 1762 525 enim

75 569 198 614 ideas
219 584 246 612 8
273 573 422 612 mente
446 567 702 624 philosophi
725 581 821 610 esse
845 564 972 621 quasi
993 565 1162 620 species
1197 565 1410 620 quasdam
1438 569 1571 622 atque
1597 566 1765 610 formas

1 666 5 670 ⁴
76 650 239 705 οὐσίας
261 668 294 697 s.
322 668 373 696 es
387 653 634 706 sentiae,
661 663 797 708 quam
816 665 918 694 011111
938 650 1203 695 Pax-menide
1225 640 1445 693 statuebat
1463 645 1507 693 et
1532 665 1664 707 quam
1680 665 1765 708 pu·-

73 742 198 784 tabat
220 741 278 783 ab
307 738 428 782 omni
449 749 662 793 corporea
684 738 795 780 labe
824 741 869 779 et
891 734 1156 792 contagione
1183 735 1371 778 liberam
1402 748 1498 781 esse
1526 741 1658 792 atque
1677 736 1766 780 im·-

73 836 282 868 munemt
311 827 361 865 ut
379 821 593 864 facillime
611 820 747 876 possit
769 820 988 876 intelligi,
1027 833 1106 862 0111·
1139 833 1212 863 eas
1240 820 1463 876 putaverit
1491 822 1588 865 sola
1615 825 1763 865 mente

71 913 117 953 et
137 908 309 952 ratione
331 921 459 963 posse
478 905 708 963 cognosci,
737 920 881 961 neque
907 887 1108 948 sensibfis
1132 906 1226 948 11110
1245 906 1377 949 modo
1398 905 1581 962 percipi.
1639 908 1766 962 Quo-0·

70 993 193 1037 niam
211 997 361 1037 autem
377 992 498 1034 ideas
519 989 637 1034 solas
659 988 878 1034 iudicavit
897 991 1075 1033 efficere
1097 990 1293 1034 veritatis
1316 990 1630 1047 cognitionem,
1657 991 1766 1035 hinc

70 1079 237 1129 factum
257 1081 348 1130 est,
378 1081 427 1119 ut
445 1090 522 1120 eas
543 1090 632 1118 non
656 1077 802 1119 solum
820 1075 914 1120 τῶν
940 1070 1088 1120 ὄντων
1109 1075 1202 1119 sive
1219 1068 1315 1120 τῶνμ
1344 1070 1491 1127 ὅντως
1511 1056 1659 1121 ὅῖντων
1686 1090 1768 1121 no-

70 1164 190 1213 mine
208 1163 471 1219 appellaret,
512 1161 590 1203 scd
611 1161 750 1204 etiam
770 1161 873 1204 inde
904 1162 1190 1218 repetendum
1217 1166 1437 1215 censeret,
1467 1162 1575 1218 quid
1593 1172 1766 1216 verum,

71 1248 178 1305 quid
201 1248 387 1300 falsum,
419 1246 524 1302 quid
548 1247 741 1299 bonum,
781 1232 889 1302 quid
911 1248 1104 1300 malum,
1143 1246 1250 1303 quid
1282 1247 1477 1300 iustum,
1517 1248 1622 1304 quid
1647 1248 1767 1292 iniu-v

70 1322 190 1377 stum
208 1337 336 1377 esset.
391 1332 570 1374 Etenim
594 1346 683 1374 non
707 1335 879 1374 tantum
902 1331 1087 1375 illarum
1107 1346 1283 1385 rerum,
1313 1346 1427 1388 quae
1447 1333 1647 1376 sensibus
1668 1348 1771 1390 per·-

70 1418 309 1474 cipiuntur,
341 1420 543 1460 aeternas
566 1417 692 1472 quasi
717 1418 881 1460 formas
905 1422 955 1473 et¹
980 1417 1148 1473 species
1175 1417 1530 1474 osse2iudicavit,
1571 1419 1647 1461 sed
1666 1419 1771 1463 ina-

70 1517 172 1546 rum
192 1502 328 1544 etiam
343 1502 578 1558 imprimis,
608 1516 798 1557 quarum
823 1502 994 1559 effigies
1019 1503 1065 1545 in
1080 1502 1210 1546 terris
1234 1516 1452 1558 nusquam
1473 1503 1768 1559 reperiuntur,

68 1588 208 1632 veluti
226 1586 347 1640 iusti,
373 1587 498 1641 boni,
533 1587 693 1644 pulcri.
752 1586 976 1630 Infinitum
997 1602 1100 1631 vero
1123 1589 1276 1631 statuit
1301 1602 1396 1631 esse
1422 1588 1624 1632 idearum
1649 1589 1771 1632 mul-

68 1672 305 1717 titudinem
327 1682 407 1728 p'ro
434 1672 652 1715 immensa
677 1673 758 1716 illa
778 1673 1014 1716 notionum
1041 1673 1191 1729 copia,
1221 1673 1382 1729 quibus
1409 1673 1583 1717 animun
1607 1674 1778 1720 huma&

1 1752 3 1754 ’
69 1772 155 1801 nus
177 1771 329 1800 rerum
352 1771 519 1814 genera
550 1758 873 1813 complectitur.
933 1759 1136 1814 Quarum
1173 1758 1598 1802 animadversionem
1629 1760 1774 1815 quun'i

68 1842 117 1886 in
144 1843 231 1887 hac
254 1842 483 1886 doctrinae
501 1846 628 1899 parte
653 1843 844 1885 maxime
874 1831 1169 1898 sequeretur,
1206 1844 1371 1887 mirum
1394 1846 1590 1901 profecto
1621 1845 1770 1889 videri

68 1928 237 1971 nemini
258 1928 412 1980 debet,
443 1927 560 1982 quod
584 1927 786 1984 singulas
811 1927 935 1971 ideas
953 1928 1218 1973 *admirabili
1247 1929 1405 1972 ordine
1438 1929 1556 1973 inter
1587 1945 1634 1974 se
1663 1944 1766 1974 con-

67 2012 241 2056 iunctas
262 2026 361 2057 esse
376 2012 602 2054 iudicavit.
635 2012 811 2069 Quippe
834 2027 986 2069 omnes
1008 2028 1061 2056 ac
1083 2014 1281 2071 singulas
1306 2015 1458 2058 statuit
1479 2016 1606 2071 quasi
1628 2023 1769 2060 unum

69 2097 291 2155 quoddam
322 2110 481 2152 corpus
514 2097 711 2149 efficere,
752 2102 858 2153 apta
886 2098 1166 2154 singularum
1197 2100 1390 2155 partium
1413 2101 1701 2144 collocatione
1722 2104 1773 2146 et'

68 2181 378 2225 coniunctione
399 2181 666 2237 pulcerrime
695 2182 1020 2224 conformatum
1036 2214 1048 2235 ,
1087 2184 1177 2225 hac
1206 2184 1385 2238 quidem
1412 2186 1521 2242 lege
1545 2190 1589 2229 et
1617 2185 1771 2229 condi-

68 2250 214 2320 tione,
243 2269 296 2308 ut
311 2279 425 2321 quae
440 2266 684 2308 maximum
715 2267 906 2310 haberet
926 2267 1143 2310 ambitum
1167 2269 1470 2326 latissimeque
1493 2275 1681 2327 pateret,
1712 2285 1768 2316 ea

69 2351 190 2395 inter·
217 2354 390 2394 ceteras
421 2351 694 2406 praestantia
724 2357 768 2396 et
787 2352 950 2396 virtute
982 2367 1063 2396 sua
1100 2354 1291 2396 maxime
1329 2355 1552 2399 emineret.
1621 2357 1773 2412 Atque·

67 2436 175 2480 hinc
194 2437 342 2479 11108111
370 2450 497 2478 suam
518 2436 680 2492 accipit
703 2436 935 2481 notissima
954 2438 1036 2481 illa
1061 2439 1253 2483 foi-mula
1269 2436 1322 2484 ἓν
1340 2439 1420 2484 καὶ
1437 2438 1598 2497 πολλοὶ,
1630 2455 1767 2497 quam

22 2508 25 2512 >
69 2535 100 2565 a
125 2520 448 2564 recentioribus
483 2521 728 2564 Platonicis
757 2522 947 2565 mirifice
979 2517 1252 2568 celebratam
1282 2516 1378 2568 csse
1409 2530 1592 2568 constat.
1652 2527 1765 2569 Eam

69 2606 192 2650 enim
215 2605 384 2658 ideam,
424 2619 538 2660 quae
563 2607 783 2649 ambitum
815 2608 1002 2651 haberet
1034 2610 1192 2662 talem,
1232 2613 1282 2653 ut
1311 2611 1425 2654 alias
1456 2612 1605 2666 plures
1636 2611 1683 2653 in
1715 2625 1769 2654 se¹

72 2691 456 2747 complecteretur,
484 2691 601 2734 hanc
621 2691 764 2746 ipsam
787 2694 843 2735 ob
875 2707 1061 2764 cansam,
1075 2696 1162 2738 τοῦ
1185 2693 1288 2746 ἑνός
1309 2695 1487 2740 1101111118
1507 2696 1766 2752 insignivit3¹

70 2779 265 2827 ceteras,
323 2789 437 2830 quae
463 2790 517 2818 ea
551 2776 901 2831 continerentur,
960 2780 1132 2823 vocavit
1157 2778 1327 2834 πολλοὶ,
1384 2795 1639 2837 quanquam
1674 2781 1766 2823 hoc

0 2918 1 2921 Ἰ
58 2858 263 2910 ¹>altimum
291 2873 454 2903 nomen
484 2860 707 2904 interdum
740 2862 878 2906 etiam
909 2864 966 2908 ad
1001 2878 1071 2908 res
1106 2863 1310 2909 sensibus
1348 2866 1570 2910 subiectas
1604 2864 1769 2910 referri-

56 2944 224 2989 'voluit

234 3029 337 3072 Hac
353 3028 495 3086 igitur
514 3029 685 3074 ratione
707 3029 998 3090 philosophus
1022 3036 1148 3091 quasi
1179 3035 1398 3092 quoddam
1426 3038 1761 3082 fundamentum

0 3146 14 3153 v.
68 3111 295 3178 droctrinae
319 3114 473 3158 iecisse
494 3115 581 3158 sibi
600 3117 720 3160 visus
741 3122 833 3171 est,
863 3120 919 3162 ad
941 3121 1057 3174 quod
1080 3125 1175 3164 tum
1199 3122 1422 3175 veritatis,
1463 3127 1558 3165 tum
1583 3121 1764 3165 virtutis

0 3237 7 3250 k
66 3196 183 3247 ratio
206 3199 349 3242 omni's
373 3200 578 3244 revocari
597 3206 755 3256 posset.
814 3204 871 3245 Et
892 3205 1088 3259 profecto
1118 3218 1171 3248 ex
1203 3206 1291 3249 hac
1311 3211 1521 3262 tanquam
1552 3220 1654 3250 arce
1680 3221 1761 3250 sua

0 3280 4 3326 Ϊ
67 3282 265 3326 veritatis
284 3298 464 3327 causam
492 3286 699 3328 adversus
731 3287 950 3343 sophistas
974 3291 1292 3348 propugnavit,
1334 3292 1510 3335 virtutis
1540 3292 1760 3335 rationem

13 3360 33 3426 D'
63 3371 216 3412 comta
231 3359 428 3413 eiusdem
443 3370 728 3416 adversarios
737 3372 944 3427 defendit,
967 3373 1314 3421 immortalitatis
1335 3391 1458 3434 spem
1471 3383 1603 3433 atquc
1624 3378 1760 3419 iidem
