2040 3646
727 152 1159 206 SYMPOSIUM.

1707 158 1779 214 73

98 283 232 348 ὅλον
277 311 348 370 ην
384 287 621 349 ἑκάστου
656 293 762 349 τοῦ
801 288 1114 397 ἀνθρώπου
1151 287 1216 349 τὸ
1248 284 1393 363 εἶδος
1424 288 1780 383 στρογγύλον,

97 378 272 434 νῶτον
302 376 396 433 καὶ
422 371 666 451 πλευρας
686 372 921 457 κυκλῳ’
903 376 1039 452 ἕχον.
1090 381 1273 452 χεῖρας
1299 377 1358 434 δὲ
1379 374 1633 454 τέτταρας
1658 383 1780 454 εἰχε,

98 459 194 516 καὶ
218 459 385 538 σκέλη
408 482 475 517 τα
501 462 592 517 ἴσα
616 465 734 532 ταῖς
771 460 950 537 χεοσί,
1003 454 1097 518 ’καὶ
1119 458 1382 565 πρόςωπα
1417 459 1526 520 δύο
1563 459 1643 520 ἐπ’
1670 459 1780 520 αυ’-

101 542 214 618 χένι
235 541 611 620 κυκλοτερεῖ,
589 541 752 620 όμοια
773 544 966 620 πάντη·
1008 541 1261 622 κεφαλὴν
1286 542 1335 603 6'
1358 542 1438 603 ἐπ’
1451 543 1781 653 ’ἀμφοτέροις
1801 549 1926 607 190

99 633 214 699 τοῖς
237 627 547 706 προςώποις
584 630 846 701 ἐναντίοις
881 628 1147 714 κειμένοις
1177 629 1334 704 μίαν,
1388 631 1481 688 καὶ
1517 633 1629 689 ώτα
1663 631 1780 690 τέτ-

99 733 269 788 ταρα,
311 714 405 771 καὶ
432 714 613 771 αἰδοῖα
637 712 743 772 δύο
758 758 773 786 ,
814 713 909 771 καὶ
933 703 1104 771 τᾶλλα
1127 712 1305 772 πάντα
1330 710 1404 785 ὡς
1439 712 1550 773 απὸ
1570 714 1783 775 τούτων

102 792 172 854 τ’ἱν
192 808 275 902 τις
295 796 570 856 εἰκασειεν.
615 796 906 875 ἐπορεύετο
929 798 987 855 δε
1027 797 1191 877 [καὶ]
1232 794 1411 901 ὀρθὰν
1444 795 1620 878 ὥςπερ
1648 805 1781 874 νῦν,

20 894 22 897 ’
99 877 407 989 ὁποτέρωσε
440 883 764 961 βουληθείη·
827 882 921 939 καὶ
964 878 1130 940 ὁπότε
1166 904 1306 958 ταχυ
1345 880 1597 962 ὁρμήσειε
1639 891 1780 959 mm,

98 960 274 1042 ω’ςπερ
298 966 353 1023 οι
373 970 732 1042 κυβιστῶντες
760 966 836 1037 εἰς
861 962 1058 1052 ὀρθὸν
1073 988 1140 1023 τα
1163 966 1331 1045 σκέλη
1364 967 1784 1045 περιφερόμενοι

98 1054 399 1126 κυβιστῶσι
421 1047 610 1132 κύκλω
626 1094 642 1123 ,
689 1047 833 1110 όκτω
862 1047 986 1108 τότε
1020 1040 1155 1109 οὖσι
1177 1057 1293 1123 τοῖς
1317 1050 1531 1127 μέλεσιν
1565 1051 1781 1132 απερει-

99 1133 321 1240 δόμενοι
344 1133 483 1213 ταχυ
509 1135 771 1213 ἐφέροντο
792 1132 996 1217 mmm.
1040 1123 1112 1212 ἦν
1142 1135 1202 1194 δε
1225 1132 1315 1194 δια
1350 1141 1524 1195 ταῦτα
1557 1139 1680 1216 τρία
1714 1162 1782 1198 τα

98 1219 230 1298 γένη
256 1220 352 1277 καὶ
372 1224 629 1292 τοιαῦτα,
690 1216 774 1279 ὅτι
810 1215 875 1278 τὸ
915 1241 1013 1295 μεν
1040 1216 1206 1296 αῤῥεν
1238 1210 1324 1326 ἦν
1340 1226 1446 1280 τοῦ
1483 1219 1648 1301 ἡλίου
1681 1221 1782 1304 τὴν
1802 1229 1851 1282 Β

101 1300 277 1382 αρχὴν
299 1304 548 1382 ἔκγονον,
593 1300 656 1364 τὸ
680 1305 739 1363 δε
774 1307 931 1383 θῆλυ
956 1308 1054 1384 τῆς
1079 1308 1212 1383 γῆς,
1266 1300 1329 1364 τὸ
1359 1306 1419 1364 δε
1458 1303 1783 1387 αμφοτέρων

101 1388 322 1465 μετέχον
345 1394 445 1468 τῆς
467 1388 728 1470 σελήνης,
776 1384 861 1473 6¹51.
893 1389 987 1446 καὶ
1020 1385 1058 1468 6
1088 1387 1291 1493 σεληνη
1328 1386 1652 1469 αμφοτέρων
1685 1417 1782 1469 με-

99 1473 252 1549 τέχει.
294 1478 564 1553 περιφερῆ
595 1475 653 1533 δε
678 1471 756 1577 66
775 1463 867 1552 ἦν
875 1473 970 1531 καὶ
1004 1469 1161 1560 αὕτα,ι
1172 1475 1265 1532 καὶ
1267 1471 1339 1577 6
1367 1476 1562 1553 πορεία
1599 1475 1784 1538 αὐτῶν

101 1557 196 1617 ὁια
218 1554 282 1615 τὰ
306 1565 422 1630 τοῖς
443 1563 700 1637 γονεῦσιν
722 1554 891 1634 ὅμοια
925 1552 1078 1616 εἶναι.
1121 1548 1193 1637 ἧν
1217 1547 1324 1618 οὖν
1354 1556 1459 1639 τήν
1485 1558 1644 1637 ισχυν
1669 1566 1781 1622 δει-

103 1664 174 1700 να
210 1644 304 1701 καὶ
339 1640 441 1722 τὴν
475 1641 664 1723 ρώιιην
687 1686 703 1716 ,
771 1643 866 1701 καὶ
895 1663 961 1700 τα
999 1641 1326 1745 φρονήματα
1368 1644 1573 1722 μεγάλα
1610 1670 1781 1724 ειχον,

103 1726 451 1809 ἐπεχείρησαν
485 1729 545 1788 δε
583 1733 699 1803 τοῖς
733 1733 918 1802 θεοῖς,
999 1728 1096 1788 καὶ
1136 1723 1170 1787 6
1205 1728 1346 1808 λέγει
1374 1725 1624 1810 ”Ὀμηρος
1657 1733 1783 1811 περὶ

68 1971 77 1976 -
163 1946 416 2021 ἔπορευετο
432 1953 483 1998 δὲ
503 1951 582 1995 καὶ
601 1953 706 2011 ορθ.
720 1953 736 2008 ]
779 1954 917 1996 Deest
947 1951 1027 1995 καί
1056 1951 1102 1995 in
1125 1951 1253 1995 libris
1272 1950 1556 1995 Florentinis.
1612 1951 1786 1995 Deinde

106 2007 295 2109 νιιΙὲζιιιθ
300 2006 503 2079 ὁρμήσει
510 2012 616 2053 θεῖν
635 2024 689 2053 ex
713 2011 835 2052 codd.
860 2009 987 2052 Bodl.
1010 2009 1149 2052 Paris.
1171 2009 1271 2052 aliis
1290 2008 1630 2056 emendavimus».
1669 2010 1784 2056 Ante

106 2064 173 2116 εἰς
201 2063 295 2124 ὀρθ
297 2063 352 2110 όν
376 2068 604 2113 omisimus
625 2066 705 2111 καί
727 2072 913 2123 quatuor
933 2067 1152 2111 librorum
1178 2066 1450 2110 auctoritate.

150 2205 216 2248 Ρ.
249 2205 348 2253 190.
408 2224 554 2268 ωςπερ
593 2208 640 2254 οὶ
666 2208 914 2266 κυβιστῶν·
974 2211 1067 2251 tem
1095 2211 1140 2250 et
1172 2207 1299 2262 qnasi
1328 2206 1504 2250 vitilem
1533 2206 1786 2261 tribuerint,

107 2276 182 2312 τες
225 2268 296 2318 -]
347 2264 620 2332 Κυβιστᾶν,
675 2267 913 2322 interprete

113 2318 233 2361 Ole
254 2334 323 2363 ar
344 2321 362 2364 i
384 2337 410 2365 o
446 2325 502 2366 ad
537 2324 796 2368 Philostrat.
835 2324 912 2366 vit.

109 2376 255 2431 Apoll.
405 2378 474 2423 80.
534 2396 665 2436 quem
717 2381 914 2423 laudavit

110 2394 387 2478 Sturziipls
425 2438 481 2480 in,
509 2439 668 2481 Lexico
711 2438 911 2492 Xenoph-

113 2504 148 2533 s
165 2491 212 2533 h.
231 2505 297 2544 v.‚
328 2498 608 2538 estrotare
632 2509 711 2547 se,
743 2498 914 2549 caput

113 2546 405 2603 ᾱοοιεειιιιι,
462 2553 632 2607 pedes
684 2565 915 2595 sursum

111 2604 427 2660 proiicere,
484 2609 568 2651 ita
604 2613 793 2651 tamen
833 2612 913 2661 ut,

112 2661 445 2728 prin-squam
482 2665 539 2708 in
578 2670 786 2709 terram
823 2666 916 2707 de-

111 2718 340 2773 venias,
382 2736 480 2764 suo
509 2724 639 2765 loco
669 2726 917 2777 caputet

111 2775 282 2829 pedes
322 2779 668 2822 consistant.
735 2782 803 2822 De
838 2794 917 2836 ge-

110 2845 218 2872 nere
238 2834 509 2889 saltationis,
538 2837 653 2891 quod
675 2839 812 2879 verbo
838 2853 915 2880 κυ

110 2869 526 2945 βιστᾶνίηιίἰοιιτιιτ,
554 2908 595 2936 v.
630 2893 916 2936 Meursius

113 2945 168 2987 de
197 2948 340 2991 saltat.
368 2954 452 2992 vet.
488 2950 534 2992 in
566 2951 756 2993 Gronov.
778 2951 915 2994 Thes.

112 3002 250 3058 antiq.
278 3005 356 3047 Gr.
393 3006 488 3048 V.ol
513 3006 715 3049 v111.et
748 3010 917 3051 Boet-

113 3059 277 3115 tiger.
322 3061 368 3103 in
395 3063 538 3106 libro·
581 3065 918 3107 Andeutun-

28 3122 31 3125 ⁴
112 3130 220 3172 gen
277 3132 342 3160 zu
400 3119 467 3162 24
522 3119 918 3178 Vorlesungen

111 3171 273 3228 p.155.

170 3231 224 3274 B.
268 3225 341 3275 ὅτι
369 3228 423 3276 τὸ
445 3248 528 3287 μεν
550 3228 689 3292 ἅρῥεν
714 3224 798 3289 ἦν]
828 3235 919 3276 Re-

114 3287 226 3341 spici
256 3293 382 3343 putat
407 3289 608 3333 Aetius
636 3291 691 3333 ud
722 3291 917 3344 philoso-

112 3344 303 3398 phorum
326 3348 598 3401 quorundam
611 3352 809 3389 veterum
824 3362 920 3389 sen-

114 3401 321 3456 tentiam,
378 3404 457 3460 qui
491 3404 589 3461 igni
618 3404 712 3448 vim
740 3418 918 3450 moven-

976 2269 1120 2308 terrae
1179 2279 1285 2306 vero
1314 2303 1316 2305 ,
1346 2264 1474 2319 quasi
1533 2265 1785 2317 femineam,

978 2324 1122 2376 atque
1149 2321 1338 2364 confeni
1373 2321 1499 2364 iubet
1545 2322 1782 2365 Aristot.

978 2379 1099 2421 Meta
1103 2379 1173 2433 ph.
1197 2378 1291 2420 1.⁹
1264 2398 1309 2430 υ,
1338 2377 1379 2422 6.
1419 2379 1552 2435 Phys.
1584 2379 1620 2422 Ι.
1645 2378 1686 2421 6.
1729 2380 1797 2434 deff

980 2437 1138 2478 Gener.
1159 2435 1193 2477 I.
1210 2435 1252 2477 3.
1281 2437 1338 2478 11.
1365 2435 1407 2479 3.
1434 2436 1491 2477 al.
1523 2435 1782 2480 Ciceron.

979 2493 1111 2536 Acad.
1131 2493 1202 2536 IV.
1229 2491 1298 2534 37.
1330 2493 1543 2547 Menag.
1569 2493 1623 2534 ad
1647 2492 1782 2548 Diog:

979 2551 1123 2593 Laert.
1150 2565 1193 2604 p.
1212 2548 1282 2590 74.
1303 2549 1401 2592 317.
1422 2549 1522 2592 318.
1562 2549 1786 2604 Quemad-

978 2607 1160 2649 modum
1192 2620 1300 2647 vero
1331 2606 1445 2648 inter
1472 2606 1624 2661 ignem
1651 2611 1784 2661 atque

980 2669 1143 2707 terram
1157 2663 1352 2705 medium
1371 2663 1497 2718 quasi
1510 2665 1658 2705 locum
1669 2675 1785 2718 aqua

981 2721 1180 2763 obtinere
1208 2719 1300 2762 visa
1329 2721 1409 2775 sit,
1459 2720 1524 2762 ita
1557 2724 1681 2774 putat
1715 2720 1787 2762 vi-

981 2792 1076 2822 sam
1117 2791 1212 2819 esse
1245 2777 1398 2819 multis
1435 2776 1587 2819 lunam
1617 2776 1700 2818 soli
1731 2791 1785 2819 ac

981 2841 1126 2878 terrae
1142 2833 1443 2888 interpositam
1465 2848 1573 2885 esse,
1603 2833 1648 2875 id
1667 2834 1786 2887 quod

981 2893 1115 2935 etiam
1145 2906 1197 2933 ex
1219 2893 1398 2947 Hymno
1415 2865 1711 2946 Orphi'c.1x.
1740 2889 1783 2934 4.

983 2949 1139 3005 colligi
1170 2948 1320 3003 possit.
1386 2948 1529 2990 Aliter
1575 2947 1787 3004 Sydon-

981 3006 1200 3057 hamus,
1260 3004 1384 3046 cuius
1422 3009 1568 3047 tamen
1613 3009 1786 3047 senten-

981 3063 1089 3105 tiam
1110 3041 1250 3105 fat6or
1266 3062 1410 3104 minus
1429 3061 1542 3103 mihi
1561 3059 1756 3116 probari.

1040 3118 1120 3163 καὶ
1155 3116 1214 3162 τὰ
1247 3116 1522 3190 φρονήματα
1555 3133 1601 3172 μ.
1633 3114 1782 3174 εἶχον]

982 3176 1028 3218 Ῑι.
1077 3191 1116 3219 e.
1163 3174 1336 3230 μεγάλα
1388 3173 1631 3230 ἐφρόνουν.
1717 3175 1786 3217 De

982 3233 1188 3288 Ephialte
1211 3239 1254 3274 et
1273 3233 1372 3284 Oto,
1402 3231 1591 3286 Neptuni
1609 3232 1713 3286 etlp
1714 3230 1788 3274 hi-
1829 3269 1835 3275 .

982 3248 1606 3342 n1e11iaefiliis‚v.Ho¹.mer
1628 3287 1786 3343 odyss.

983 3347 1069 3446 XI}
1092 3361 1133 3388 v.
1156 3346 1241 3389 307
1254 3360 1355 3401 sqq.
1396 3345 1548 3402 ibique
1584 3346 1789 3390 Eusta-

983 3408 1001 3447 t
1054 3403 1182 3448 ium.
