2040 3646
721 178 1157 231 SYMPosmM.
1714 184 1786 241 69

86 315 321 398 γίγνεται
345 300 640 393 ἐρωτικῶν,
683 338 762 374 ων
799 314 1066 395 ἑπιστηιιη
1099 315 1223 391 περὶ
1265 309 1480 394 ἄστρων
1514 333 1570 374 τε
1594 313 1780 423 φορὰς

85 401 181 458 καὶ
224 400 486 459 ἐνιαυτῶν
525 397 673 486 ω’ρας
711 398 1047 476 ἀστρονομία
1087 404 1191 457 καλ
1195 404 1343 457 εἷται.
1415 397 1542 458 ’Ἔτι
1587 402 1779 462 τοίνυν

86 485 180 542 καὶ
218 485 418 543 θυσίαι
453 490 629 543 πᾶσαι
663 485 758 543 καὶ
791 482 875 556 οἷς
913 480 1143 562 μαντικὴ
1168 484 1438 543 ἐπιστατεῖ
1473 519 1558 529 —-
1599 490 1773 545 ταῦτα
1834 504 1836 508 ·

83 566 135 626 δ’
157 566 361 628 ἐστὶν
324 592 364 649 η
389 570 515 647 περὶ
539 567 715 641 θεούς
740 591 796 628 τε
821 569 915 628 καὶ
939 567 1277 645 ἀνθρώπους
1315 565 1467 644 πρὸς
1494 567 1772 650 ἄλλήλους
1794 579 1840 633 C

35 709 37 711 ,
85 654 346 712 κοινωνία
387 688 474 702 -—-
514 651 589 712 ού
613 654 738 732 περὶ
763 651 899 713 αλλο
934 654 989 712 τί
1012 648 1212 712 ἐστινἼ
1184 650 1224 730 η’
1248 654 1372 730 περὶ
1386 650 1631 730 ’Ἑρωτος
1652 679 1771 733 φυ-

80 736 258 816 λακήν
283 758 339 796 τε
363 739 457 795 καὶ
490 739 651 801 ἴασιν.
695 743 849 796 πᾶσα
873 735 978 816 γαρ
999 735 1037 817 ἡ
1063 734 1280 813 ασέβεια
1302 741 1454 814 φιλεῖ
1471 739 1769 815 γίγνεσθαι,

81 818 176 880 ἑαν
198 819 275 901 μή
298 843 380 893 τις
399 826 478 879 τῶ
499 822 710 903 κοσμίῳ
732 819 936 899 ’Ἑρωτι
959 823 1241 899 χαρίζηται
1261 822 1399 898 μηδὲ
1420 827 1549 905 τιμᾷ
1570 845 1626 881 τε
1662 847 1769 882 αυ-

0 907 16 969 ]
81 903 180 965 τὸν
202 907 295 963 καὶ
316 880 595 1012 πρεσβεύη
623 906 680 964 ἐν
701 908 863 965 παντὶ
884 906 1051 989 ἔργω,
1103 902 1243 963 ἄλλα
1280 903 1377 964 τὸν
1411 906 1620 983 ἕτερον,
1675 911 1770 967 καὶ

77 990 202 1068 περὶ
237 989 434 1067 γονέας
466 990 560 1047 καὶ
607 992 809 1095 ζῶντας
860 991 955 1048 καὶ
983 965 1443 1069 τετελευτηκότας
1497 993 1590 1049 καὶ
1642 993 1768 1096 περὶ

78 1072 272 1145 θεούς.
334 1098 371 1132 α
395 1071 468 1154 δὴ
503 1073 901 1157 προςτέτακται
921 1078 991 1149 τῇ
1019 1079 1250 1158 μαντικῇ
1283 1074 1594 1135 ἐπισκοπεῖν
1629 1097 1767 1149 τους
1792 1124 1808 1133 .

62 1155 314 1235 ’Ἐρωτας
351 1158 445 1217 καὶ
481 1157 776 1236 ἰατρεύειν,
831 1159 925 1217 καὶ
962 1159 1105 1217 εστιν
1140 1159 1218 1218 αὐ
1253 1155 1291 1236 ἡ
1319 1156 1548 1235 μαντικὴ
1575 1162 1766 1237 φιλίας

75 1248 225 1302 θεῶν
288 1243 382 1300 καὶ
433 1239 743 1320 ανθρώπων
795 1239 1134 1322 δημιουργὸς
1187 1247 1266 1325 τῷ
1318 1242 1644 1303 ἐπίστασθαι
1696 1268 1763 1304 τα
1785 1253 1844 1306 D

77 1325 195 1385 κατ’
231 1323 566 1406 ανθρώπους
602 1325 855 1404 ἐρωτικά,
940 1323 1048 1385 ὅσα
1085 1326 1242 1387 τείνει
1274 1323 1415 1404 πρὸς
1460 1327 1626 1404 θέμιν
1669 1331 1764 1389 καὶ

75 1410 342 1488 ασέβειαν.
433 1407 596 1470 Οὕτω
626 1407 839 1490 πολλὴν
874 1411 968 1469 καὶ
995 1409 1262 1490 μεγάλην,
1315 1414 1526 1487 μᾶλλον
1551 1413 1612 1471 δε
1649 1431 1760 1472 πα-

74 1510 183 1554 σαν
208 1493 483 1572 δύναμιν’
465 1495 568 1572 ε’χει
589 1493 902 1575 ξυλλήβδην
933 1519 1031 1572 μεν
1059 1493 1092 1555 ὃ
1116 1500 1226 1567 πᾶς
1235 1491 1444 1573 ’Ἐρως,
1484 1493 1518 1554 ὃ
1553 1497 1613 1554 δὲ
1636 1499 1762 1574 περὶ

74 1577 292 1659 ταγαθα
339 1576 470 1656 μετὰ
510 1578 883 1660 σωφροσύνης
930 1581 1025 1639 καὶ
1059 1577 1416 1666 δικαιοσύνης
1455 1577 1760 1651 ἅποτελού-
1816 1642 1819 1646 ι

75 1688 238 1742 μενος
273 1665 368 1726 καὶ
403 1662 534 1743 παρ’
567 1661 701 1746 ἡμῖν
733 1665 828 1726 καὶ
864 1661 1016 1744 παρα
1055 1670 1236 1740 θεοῖς,
1280 1664 1449 1738 οὗτος
1473 1661 1576 1745 τὴν
1608 1667 1757 1746 μεγί-

130 1902 333 1960 γίγνεται
349 1900 605 1971 ἐρωτικῶν]
636 1902 761 1948 Stob.
784 1904 1032 1974 γίγνονται,
1061 1904 1274 1959 probante
1296 1901 1511 1944 Fischero
1527 1903 1570 1944 et
1582 1902 1756 1945 Wolfio.

74 1962 208 2006 sedv.
233 1967 380 2005 annot.
408 1961 617 2003 Proxima
638 1976 703 2004 ων
723 1958 1000 2018 ἐπιστήμη-
1028 1963 1234 2004 καλεῖται
1253 1959 1516 2003 Schuetzius
1551 1961 1757 2003 censebat

74 2018 374 2073 suppositicia,
403 2023 631 2072 propterea
652 2019 769 2071 quod
781 2019 979 2061 doctrina
997 2019 1051 2059 de
1072 2017 1174 2060 anni
1199 2015 1551 2089 tempestatibus?
1551 2029 1638 2058 non
1653 2029 1758 2071 pos-

74 2080 142 2117 set
160 2074 315 2116 referri
335 2074 390 2116 ad
409 2074 736 2117 astronomiam
792 2076 970 2119 Bastius
991 2075 1127 2116 verba
1161 2072 1239 2116 καὶ
1274 2071 1498 2117 ἐνιαυτῶν
1522 2066 1646 2143 ω’ρας
1680 2073 1757 2114 (le-

71 2131 157 2173 leri
175 2132 367 2174 volebat.
426 2130 672 2195 Creuzerus
688 2132 743 2174 ad
761 2132 1016 2189 Fragment.
1039 2130 1122 2172 His
1126 2135 1206 2171 tor.
1231 2130 1360 2184 Gr.p
1364 2128 1493 2172 ‚124
1527 2126 1752 2172 ἐνιαυτῶν

73 2182 216 2245 ὅρους
238 2187 535 2239 coniectabat,
572 2187 603 2229 ἱ.
634 2202 671 2230 e.
702 2202 973 2230 annorum
1001 2186 1297 2230 terminos.
1331 2145 1447 2228 PSed
1478 2200 1610 2238 vere,
1660 2185 1755 2240 opi-

71 2258 181 2297 nor,
232 2243 481 2287 observavit
511 2243 658 2286 Aetius
682 2249 851 2287 veteres
882 2242 1274 2300 meteorologiam‚
1315 2255 1454 2299 quam
1480 2256 1596 2284 nunc
1620 2256 1755 2286 voca-

72 2314 198 2354 mus,
228 2301 457 2356 copulasse
481 2314 583 2342 cum
600 2302 880 2346 astronomia.
903 2317 944 2345 v.
967 2305 1116 2343 annot.
1270 2315 1273 2324 ·

129 2376 209 2421 καὶ
224 2377 393 2422 θυσίαι
410 2377 587 2432 πᾶσαι]
629 2377 704 2420 Sic
729 2379 857 2421 Bodl.
880 2378 1046 2450 aliique
1066 2376 1186 2419 libri.
1240 2376 1384 2433 Vulgo
1409 2375 1489 2419 καὶ
1512 2375 1562 2420 αἱ
1586 2376 1755 2420 θυσίαι

70 2449 120 2478 π.
149 2434 320 2478 Deinde
341 2434 583 2477 Fischerus
609 2435 746 2478 scribi
764 2436 946 2480 volebat
972 2433 1052 2478 καὶ
1076 2432 1146 2485 οἷς
1175 2428 1205 2490 ἡ
1227 2430 1421 2490 μαντικὴ
1449 2430 1519 2479 ἐπ.
1572 2433 1660 2477 Sed
1683 2448 1754 2478 ar-

71 2492 211 2535 ticulo
232 2505 322 2535 non
337 2505 465 2548 opus.
493 2504 533 2534 v.
559 2497 704 2551 annot.

71 2622 99 2670 ἕ
130 2563 246 2613 ἀλλὰ
261 2565 346 2616 τὸν
364 2565 548 2628 ἕτερον]
589 2568 665 2614 Sic
689 2569 876 2616 vindob.
908 2568 952 2613 2
982 2572 1027 2614 et
1049 2568 1173 2614 Stob.
1220 2567 1367 2625 Vulgo
1393 2561 1506 2612 ἀλλὰ
1527 2565 1634 2626 περὶ
1669 2562 1753 2612 τὸν

98 2641 242 2685 τερον.
439 2682 442 2684 ,
1163 2639 1181 2662 ⁸

945 2800 1112 2841 temere
1130 2795 1230 2838 fieri
1250 2793 1553 2845 arbitrabitur,
1583 2793 1660 2848 qui
1679 2806 1751 2835 re-

944 2853 1162 2910 putaverit
1189 2852 1414 2895 hominem
1451 2851 1750 2907 sophistarum

944 2911 1113 2954 artibus
1141 2911 1435 2953 assuefactum
1460 2908 1647 2950 ridicule
1676 2921 1750 2949 caP

943 2971 1070 3023 ptare
1090 2967 1265 3010 inanem
1287 2966 1505 3022 quandam
1525 2963 1750 3007 doctrinae

130 2786 196 2840 ων
247 2791 476 2852 ἐπιστήμη
517 2819 548 2830 -
599 2791 880 2854 ἀστρονομία

71 2852 308 2909 καλεῖται]
363 2853 461 2896 Non
494 2853 638 2895 solnm
668 2867 768 2897 eam
801 2853 897 2909 do-¹

74 2910 276 2963 ctrinam,
301 2923 416 2964 quae
427 2910 538 2952 coeli
553 2915 722 2953 meatus
740 2913 882 2952 astro-

71 2980 261 3022 rumque
277 2966 484 3010 decursus
507 2968 722 3021 observat,
751 2967 880 3009 Plato

74 3022 249 3067 vocavit
268 3022 603 3075 astronomiam,
646 3024 723 3066 sed
745 3023 878 3077 etiam

74 3079 305 3125 scientiam
326 3080 554 3122 variarum
572 3084 880 3136 tempestatum

49 3146 53 3151 '
75 3137 231 3179 eodem
252 3137 429 3179 nomine
455 3138 705 3192 complexus
727 3141 802 3179 est.

74 3194 129 3235 de
157 3194 350 3250 Republ.
383 3193 478 3236 Vn.
509 3193 668 3249 [2527.
701 3195 757 3236 D.
781 3208 876 3248 sqq.

73 3250 206 3304 Quod
235 3254 384 3294 uu'tem
414 3209 550 3295 addit
557 3250 878 3317 Eryximachus

72 3306 193 3358 hane
228 3306 525 3350 definitionem
571 3307 879 3358 astronomiae,

72 3367 206 3418 atque
251 3378 356 3409 mox
401 3365 537 3408 etiam
582 3363 879 3406 definitionem

73 3421 320 3481 μαντικῆς,
373 3420 421 3474 id
461 3435 590 3471 nemo
615 3421 760 3479 inepte
803 3424 879 3466 aut

944 3024 1137 3081 speciem
1167 3029 1298 3079 atque
1315 3025 1534 3065 umbram.

1003 3113 1075 3166 οἷς
1107 3110 1302 3170 μαντικὴ
1328 3112 1468 3158 ἐπιστ.
1478 3118 1500 3166 ]
1555 3110 1622 3156 Ne
1648 3110 1747 3165 quis

941 3173 1179 3216 articulum
1207 3173 1446 3223 desideret,
1494 3169 1635 3213 solent
1667 3182 1746 3210 uo-

1156 3235 1252 3262 σ--τ

940 3250 1063 3293 mina
1092 3250 1139 3292 in
1170 3248 1245 3306 ική
1271 3247 1512 3292 desinentia
1533 3258 1662 3300 saepe
1683 3244 1747 3286 sie

943 3323 996 3349 eo
1030 3307 1189 3350 omisso
1222 3305 1437 3361 usurpari.
1466 3318 1510 3348 v
1544 3302 1744 3345 Matth.

943 3368 987 3478 {-
1004 3363 1105 3466 {g}
1126 3366 1261 3467 2⁰21
1277 3376 1409 3420 supra
1436 3376 1481 3419 Ρ
1500 3358 1600 3408 186.
1625 3359 1674 3404 C
1690 3359 1747 3404 E.
