2040 3646
1686 170 1807 220 XLV-

125 303 308 358 Graecis
334 297 617 374 mediocriter
643 309 829 356 'versatis
856 310 914 356 ad
934 319 1099 355 'rerum‘
1122 315 1167 357 ct
1196 313 1434 357 verborum
1458 311 1812 371 intelligentiamv

123 398 374 443 necessaria
403 413 499 440 esse
524 398 794 443 viderentur.
865 398 1131 454 Quanquam
1156 399 1346 442 fatemur
1370 394 1583 443 maluisse
1617 414 1724 454 nos,
1762 400 1802 444 si
1860 437 1863 439 .

124 485 171 528 in
202 485 462 526 alterutram
490 487 659 539 partem
687 482 957 538 peccandum
984 487 1122 536 esset,
1151 485 1373 539 praeferre
1398 485 1661 539 ubertatem,
1689 487 1812 541 quae-

125 561 310 612 succum
339 569 454 620 alat,
485 568 621 623 quam
649 567 820 611 aridam
847 567 1089 611 exilitatem
1117 574 1160 612 et
1187 568 1477 613 ieiunitatem.
1535 570 1710 625 Quodsi
1725 574 1806 614 au‘-

123 659 215 698 tem
241 652 409 696 idoneis
436 653 598 695 harum
624 643 775 695 rerum
802 652 1020 695 iudicibus
1050 656 1168 695 certe
1193 652 1241 695 in
1269 653 1491 709 plerisque
1517 654 1809 699 iu'stum’mo-

123 738 231 782 dum
259 739 516 781 observasse
541 736 663 780 visus
690 738 830 793 fuero,
860 738 954 780 eius
981 737 1048 779 rei
1077 751 1256 781 causam
1283 738 1566 793 repetendam
1593 750 1807 796 magnam

124 809 244 866 certe
270 827 440 878 partem
480 821 636 863 exinde
673 821 904 874 iudicabo,
946 817 1073 876 quod*
1098 821 1321 865 annotatio
1357 825 1461 865 nata
1496 823 1610 865 mihi
1648 828 1714 868 est
1750 839 1807 870 ex

124 906 233 965 ipsis
260 906 372 949 meis
401 905 564 949 scholis
591 905 639 947 in
668 906 810 961 prima
838 906 979 950 classe
1006 906 1186 950 scholae
1214 907 1476 950 Thomanae
1511 907 1694 951 habitis.
1750 909 1805 952 Iu

124 992 285 1049 quibus
297 990 508 1047 quoniam
517 990 605 1032 hoc
621 1003 756 1048 agere
767 991 903 1044 soleo,
927 995 977 1034 ut
996 991 1101 1034 satis
1120 995 1330 1048 appareat
1345 1005 1478 1048 quam
1492 992 1739 1037 necessaria
1748 993 1808 1038 sit

125 1058 256 1134 plena
279 1079 323 1119 et
341 1076 534 1132 perfecta
555 1074 834 1132 singulorum
852 1077 1089 1119 verborum
1115 1080 1248 1132 atque
1270 1091 1420 1120 rerum
1438 1077 1746 1135 intelligentia,
1767 1073 1809 1123 si

124 1161 224 1219 quis
237 1160 462 1217 scriptoris
474 1160 668 1217 cogitata
678 1163 809 1217 atque
818 1174 944 1204 sensa
952 1161 1082 1217 plane
1100 1161 1208 1205 velit
1218 1161 1460 1219 percipere,
1486 1162 1724 1220 discipulos
1735 1177 1808 1206 re-

124 1246 245 1291 tineo
266 1246 313 1289 in
339 1246 617 1302 singularum
641 1259 804 1288 vocum
829 1250 876 1290 et
894 1247 1211 1290 sententiarum
1235 1247 1495 1290 tractatione
1519 1251 1563 1291 et
1581 1262 1808 1304 gramma·-

124 1333 216 1376 tica
255 1331 423 1375 ratione
463 1330 642 1387 singula
678 1332 815 1374 verba
853 1330 1107 1374 minutatim
1143 1346 1394 1388 persequor.
1465 1333 1592 1388 Quae
1628 1333 1805 1390 quidem

123 1416 239 1461 ratio
268 1419 439 1459 tantum
466 1417 590 1460 abest
616 1418 667 1458 ut
691 1415 943 1473 legentibus
970 1417 1158 1460 molesta
1197 1417 1254 1460 sit
1292 1407 1369 1482 aut
1411 1416 1607 1460 taedium
1634 1419 1810 1473 afferat,

124 1503 172 1546 id
200 1501 318 1557 quod
346 1500 576 1544 clamitant
604 1500 680 1556 qui
708 1500 872 1544 cursim
899 1515 979 1545 nos
1017 1514 1152 1558 agere
1189 1501 1344 1546 iubent
1379 1502 1518 1546 veluti
1560 1517 1690 1547 canes
1727 1503 1808 1548 Ni-

123 1587 221 1630 lum
256 1587 529 1638 lambentes,
569 1589 619 1628 ut
653 1585 842 1628 mirifice
879 1586 1038 1629 excitet
1075 1586 1338 1630 discentium
1379 1586 1527 1630 studia
1563 1574 1807 1645 eorumque

121 1670 306 1728 ingenia
332 1673 463 1714 acuat
490 1669 784 1727 subigatque,
813 1685 900 1726 quo
928 1670 1014 1727 ipsi
1039 1672 1207 1727 possint
1235 1672 1404 1728 privato
1447 1672 1592 1716 studio
1620 1673 1809 1730 scripto-

123 1771 196 1800 res
223 1771 311 1799 non
339 1759 512 1799 tantum
536 1756 715 1812 legere,
752 1756 831 1799 sed
866 1756 1131 1812 intelligere.
1200 1757 1258 1800 Et
1291 1758 1487 1813 profecto
1524 1758 1642 1800 hane
1670 1758 1808 1802 inter-

123 1841 323 1898 pretandi
344 1840 562 1884 rationem
578 1872 590 1894 ,
620 1854 732 1896 quae
758 1855 837 1896 per
866 1840 1049 1884 nimiam
1077 1845 1120 1884 et
1146 1855 1368 1885 morosam
1410 1843 1806 1898 grammaticorum

124 1925 367 1983 superioris
394 1925 550 1969 aetatis
578 1925 858 1983 diligentiam
886 1925 1107 1969 immerito
1135 1925 1183 1968 in
1214 1930 1484 1970 contemtum
1511 1927 1699 1971 adducta
1726 1931 1808 1982 est,

124 2015 274 2054 nostra
300 2014 442 2054 aetate
470 2024 525 2052 eo
553 2011 699 2067 magis
727 2010 959 2054 tenendam
986 2011 1280 2067 tuendamque
1309 2011 1531 2065 arbitror,
1574 2013 1693 2068 quod
1720 2012 1807 2055 im-

125 2095 289 2153 pudens
329 2094 569 2138 sciolorum
605 2095 750 2148 natio,
789 2095 867 2150 qui
907 2109 954 2138 se
1004 2095 1118 2138 scire
1163 2095 1417 2152 praedicant
1459 2110 1572 2152 quae
1610 2111 1663 2139 re
1699 2110 1806 2141 vera

125 2180 358 2243 ignorant,
387 2178 521 2222 etiam
548 2178 595 2221 in
623 2193 698 2222 eas
724 2183 870 2234 partes
899 2179 1124 2222 doctrinae
1150 2179 1350 2223 involare
1377 2181 1534 2236 coepit,
1567 2195 1679 2236 quae
1708 2195 1806 2224 ver-

75 2291 82 2294 ·
124 2270 275 2310 santur
302 2264 349 2308 in
376 2263 649 2306 illustrandis
677 2263 948 2319 antiquitatis
974 2263 1269 2331 monumentis
1298 2269 1398 2307 tum.
1413 2264 1549 2308 sacris
1578 2269 1674 2308 tum
1701 2279 1806 2323 pro-

122 2350 250 2395 fanis.
308 2348 399 2405 Qui
425 2348 464 2391 si
490 2353 664 2392 mature
690 2348 968 2401 didicissent,
1006 2348 1112 2405 quid
1147 2349 1204 2392 sit
1241 2348 1502 2405 scriptorem
1535 2349 1806 2407 intelligere,

123 2448 267 2491 neque
298 2448 378 2490 per
412 2434 560 2477 levem
595 2434 725 2477 illam
765 2437 810 2477 et
851 2433 1188 2477 tumultuariam
1221 2433 1654 2490 interpretationem,
1688 2450 1801 2491 quae

122 2519 241 2563 intra
267 2517 578 2562 brevissimum
606 2523 776 2575 tempus
805 2519 1018 2575 plurImos
1045 2518 1340 2574 plurimorum
1367 2519 1633 2575 scriptorum
1661 2520 1803 2564 libros

123 2604 351 2660 pervolat,
386 2602 435 2646 in
471 2617 570 2646 eam
606 2602 774 2647 inducti
807 2608 950 2646 essent
989 2603 1265 2660 opinionem,
1303 2608 1354 2647 ut
1395 2619 1507 2660 quae
1544 2604 1619 2647 vix
1646 2605 1803 2661 primis

122 2687 263 2732 labris
289 2688 552 2744 attigerunt,
590 2688 796 2732 continuo
833 2700 880 2731 se
918 2686 1048 2744 plane
1091 2689 1335 2745 percepisse
1371 2688 1646 2745 existiment,
1676 2703 1804 2733 cave-

86 2767 88 2769 *
123 2777 223 2816 rent
249 2771 336 2816 sibi
362 2773 556 2828 profecto
583 2773 640 2816 ab
667 2771 748 2816 illa
774 2772 1082 2829 perversitate,
1113 2787 1226 2828 quae
1264 2774 1527 2830 profundam
1555 2773 1803 2820 doctrinam

123 2857 273 2901 nescio
299 2857 416 2899 unde
454 2856 673 2913 arreptam
701 2858 913 2901 simulans
949 2857 1182 2915 imperitae
1221 2858 1481 2914 plebeculae
1517 2859 1669 2902 fucum
1697 2859 1805 2903 facit

125 2955 178 2984 ac
213 2943 416 2985 tenebras
454 2941 667 2995 offundit,
705 2943 992 2998 prudentibus
1038 2945 1187 2984 autem
1226 2945 1269 2985 et
1310 2942 1498 2986 cordatis
1526 2942 1635 2986 viris
1661 2943 1803 2989 risum

123 3029 271 3068 movet
313 3028 444 3079 atque
480 3023 842 3082 indignationem.
928 3026 1016 3070 Sed
1054 3025 1308 3079 redeamus,
1344 3027 1460 3069 unde
1498 3027 1699 3084 digressa
1736 3030 1804 3072 est

123 3108 265 3151 oratio
294 3113 456 3153 nostra.
514 3111 675 3154 Effecit
697 3111 837 3168 igitur
865 3112 946 3154 illa
972 3110 1190 3154 institutio
1234 3115 1406 3165 nostra,
1446 3115 1496 3154 ut
1535 3113 1709 3155 nullum
1737 3116 1803 3156 te·-

122 3206 244 3235 mere
270 3193 419 3235 locum
448 3192 743 3238 difficiliorem
771 3195 948 3239 silentio
976 3194 1355 3251 praetermittere,
1392 3197 1530 3239 verba
1558 3200 1602 3239 et
1630 3198 1804 3238 senten-

123 3275 210 3319 tias
238 3276 452 3321 constanti
480 3280 668 3334 quadam
695 3283 739 3323 et
766 3284 977 3335 perpetua
1003 3278 1174 3322 ratione
1211 3278 1458 3332 illustrare,
1499 3279 1613 3338 nihil
1655 3279 1802 3336 inepte

121 3360 295 3414 addere,
322 3360 509 3418 denique
536 3362 702 3409 iustum
739 3365 920 3409 modum
946 3363 994 3409 in
1029 3363 1362 3421 interpretando
1400 3367 1551 3409 tenere
1589 3367 1803 3422 quantum
