2040 3646
596 169 965 232 APOLOGIA
997 169 1358 225 SOCRATIS.

1747 172 1818 230 89

136 309 371 374 ἐλθόντα
403 333 468 390 με
507 312 593 372 δεῖ
622 306 895 371 τεθνάναι.
956 305 1094 367 αλλά
1132 330 1255 385 μοι,
1297 331 1344 367 ω
1319 295 1591 412 ςιἰἷνδρες,
1631 316 1815 385 παρα-

136 398 346 476 μείνατε
382 400 653 456 τοσοῦτον
681 393 937 501 ’θ’χρόνον·
959 389 1130 454 οὐδὲν
1159 389 1266 470 γὰρ
1300 389 1503 451 κωλύει
1537 393 1818 467 διαμυθο*

135 487 370 586 λογῆσαι
392 477 533 559 πρὸς
556 477 862 560 ἀλλήλους,
903 476 1004 550 ἕως
1026 474 1255 547 ἔξεστιν.
1294 474 1429 552 ὑμῖν
1462 472 1568 554 γὰρ
1606 499 1683 548 ως
1718 476 1818 556 φί-
1857 481 1943 540 40

122 571 258 640 ’λοις
292 556 458 626 ουσιν
492 563 747 634 ἐπιδεῖξαι
779 562 951 623 ἐθέλω
997 558 1061 620 τὸ
1093 561 1223 621 νυνί
1264 583 1359 637 μοι
1392 556 1732 640 ξυμβεβηκός
1767 560 1823 619 τί

136 667 268 712 ποτε
290 657 420 710 νοεῖ.

500 646 656 726 Ἐμοὶ
674 647 813 754 2169,
856 648 900 707 ὠ
925 644 1119 723 ἄνδρες
1140 645 1393 707 δικασταί
1422 680 1509 690 --
1544 642 1692 722 ὑμᾶς
1713 642 1819 725 γὰρ
1900 672 1904 675 ’

139 732 402 808 δικαστὰς
436 733 639 793 καλῶν
657 731 845 809 ὀρθῶς
880 728 949 790 ἂν
988 732 1220 836 καλοίην
1269 765 1357 776 --
1412 729 1735 807 θαυμάσιόν
1767 752 1822 789 τι

137 820 371 900 γέγονεν.
412 816 451 898 ἡ
472 814 576 895 γὰρ
599 814 833 877 εἰωθυῖα
854 838 949 893 μοι
980 812 1210 894 μαντικὴ
1244 812 1282 897 ἡ
1309 819 1416 876 τοῦ
1437 816 1729 921 δαιμονίου
1766 815 1827 875 ἐν

139 906 239 983 μὲν
268 909 347 987 τῷ
383 901 632 981 πρόσθεν
663 899 845 983 χρόνῳ
886 900 1049 961 παντὶ
1083 898 1236 960 πάνυ
1282 896 1468 978 πυκνὴ
1504 897 1588 958 ἀεὶ
1620 904 1692 977 ἠν
1728 901 1824 958 καὶ

139 987 293 1050 πάνυ
326 988 413 1047 ἐπὶ
434 992 688 1067 σμικροῖς
721 984 1134 1065 ἐναντιουμένη,
1181 986 1239 1044 εἴ
1257 1008 1311 1044 τι
1345 984 1593 1061 μέλλοιμι
1621 980 1698 1064 μὴ
1725 981 1824 1062 ὀρ-

140 1078 263 1146 θῶς
292 1067 531 1152 πραξειν·
589 1072 718 1132 νυνὶ
751 1071 811 1130 δὲ
846 1067 1149 1149 ξυιιβέβηκέ
1184 1092 1306 1175 μοι,
1358 1065 1497 1146 ἅπερ
1533 1065 1694 1146 ὁρᾶτε
1730 1070 1826 1129 καὶ

67 1237 71 1244 Δ
143 1156 332 1232 αὐτοί,
393 1156 581 1230 ταυτί,
649 1152 686 1219 ἅ
720 1178 779 1236 γε
825 1152 898 1235 δὴ
941 1155 1163 1235 οἰηθείη
1201 1153 1271 1216 ἄν
1304 1175 1389 1229 τις
1426 1153 1519 1214 καὶ
1554 1153 1867 1233 νομίζεται
1859 1162 1876 1173 “

202 1389 309 1446 Cap.
327 1389 489 1432 XXXI.
546 1382 661 1432 ἄλλά
678 1403 773 1443 μοι,
803 1379 840 1431 ὦ
868 1382 1058 1446 ἄνδρες]
1099 1386 1153 1432 V.
1175 1381 1214 1431 ὦ
1215 1381 1397 1459 ἄνδρες
1416 1381 1673 1442 Ἀθηναῖοι,
1714 1386 1834 1442 quod

146 1449 270 1491 codd.
289 1452 409 1489 recte
433 1450 619 1490 mutant.
662 1446 814 1490 Nam·
799 1461 846 1488 ιιι
867 1446 954 1488 hac
978 1445 1175 1488 oratione
1198 1439 1234 1488 ὦ
1263 1442 1427 1512 ανδρες
1451 1445 1634 1500 gravius
1654 1442 1831 1490 dicitur.

201 1504 251 1549 τί
264 1518 382 1548 ποτε
401 1505 522 1560 νοεῖ]
562 1505 611 1548 V.
643 1504 691 1546 τί
718 1497 819 1547 ποτ’
842 1499 1012 1558 ἐπινοεῖ,
1043 1507 1196 1548 contra
1213 1502 1425 1561 loquendi
1452 1500 1829 1547 consuetudinem.

146 1560 195 1606 τί
213 1576 326 1606 ποτε
358 1565 461 1606 νοεῖ
493 1561 528 1609 i.
548 1576 591 1617 q.
620 1561 668 1605 τί
692 1576 804 1606 ποτε
835 1536 1065 1620 βούλεται.

147 1705 272 1750 dum
326 1700 719 1749 undecimviri
788 1691 962 1745 occu-

147 1761 270 1820 pati
317 1765 461 1806 sunt.
531 1759 747 1802 Videlicet
790 1758 959 1802 iudices

146 1816 961 1944 22³⁶{33”{2333¹12³⁰ffissffgtfzssgitss

149 1934 248 1976 nos
276 1934 430 2002 igitur
481 1933 712 1988 oportebat
745 1930 878 1973 minis
859 1930 960 1972 stris

149 1990 243 2034 suis
273 1990 516 2045 imperare,
562 1994 613 2030 ut
635 1987 926 2031 damnatum
913 2002 961 2029 m

149 2061 375 2091 carcerem
394 2046 662 2089 abducerent
683 2050 726 2086 et
742 2050 965 2088 sumerent

154 2106 212 2151 ab
241 2119 294 2147 eo
321 2102 617 2159 supplicium,
658 2101 788 2168 quod
802 2101 964 2144 consti-

151 2166 299 2206 tutum
324 2165 452 2203 esset.
481 2183 511 2192 -
563 2156 626 2202 οἶ
647 2155 909 2203 ἐλθόντα
934 2180 965 2190 -

153 2215 446 2263 τεθνάναι
479 2216 512 2260 i.
539 2229 576 2259 e.
623 2214 689 2266 εἰς
714 2211 767 2259 τὸ
794 2215 964 2270 δεσμω-

152 2273 332 2336 τήριον.
360 2299 390 2376 ἕ
426 2274 536 2375 buo?
566 2273 967 2383 διαμιίιθολογᾱῆσαι

154 2339 370 2443 aazia
389 2344 696 2443 ειοοιίἰῖιιιιιὶιιιί,
727 2344 805 2429 u?
821 2344 969 2430 Phlaso-

152 2449 256 2492 (lon.
274 2462 310 2490 c.
332 2447 447 2491 XIV.
437 2460 513 2517 p.
531 2444 604 2487 70.
627 2445 682 2487 Β.
712 2439 826 2488 ἄλλα
846 2441 966 2513 τίδὴ

155 2519 393 2575 ποιωμεν;
429 2497 589 2560 ἢπερ).
613 2496 770 2545 αὐτῶν
788 2499 968 2545 τούτων

157 2559 326 2632 βούλει
338 2520 769 2634 διἀμυθολογῶμεν,
794 2559 884 2603 εἴτε
908 2559 969 2602 εἰ-

159 2616 243 2670 κὸς
268 2616 416 2669 οὕτως
437 2616 567 2672 ἔχειν,
595 2616 684 2660 εἴτε
707 2614 798 2673 μή;
826 2618 968 2672 Legg.

159 2676 388 2732 1.p..632
427 2676 480 2718 Ε.
511 2675 568 2717 al.
626 2673 736 2715 Vide
767 2687 880 2728 quae
916 2673 972 2715 de

161 2734 262 2833 illoc
273 2732 416 2844 vergi·
421 2745 507 2831 ιιέιι
526 2729 715 2774 diximus
745 2732 802 2774 ad
826 2731 974 2774 Phae-

193 2804 250 2833 on

219 2847 272 2889 P.
294 2845 364 2888 40.
394 2840 440 2911 ἡ
446 2842 532 2903 γὰρ
554 2841 753 2889 εἰωθυῒά
764 2861 846 2902 μοι
861 2860 974 2901 μαν-

163 2898 269 2958 τικὴ
299 2897 329 2957 ἦ
354 2901 440 2946 τοῦ
462 2902 740 2958 δαιμονίου]
780 2903 877 2947 Νοιι
902 2917 974 2946 as-

165 2959 333 3006 sentior
395 2959 971 3012 Schloiermaehero‚

166 3018 245 3074 qui
272 3011 455 3070 verba‘tf
492 3017 577 3061 τοῦ
614 3016 858 3071 δαιμονίου
892 3031 985 3072 pro«

167 3076 435 3141 glossemate
447 3074 583 3118 habet
595 3079 840 3129 propterea,
858 3074 975 3123 quod

166 3133 300 3176 Plato
358 3130 470 3174 alibi
521 3144 635 3174 rem
680 3131 859 3187 ipsam
918 3126 974 3173 τὸ

168 3185 414 3242 δαιμόνιον
439 3189 664 3243 appellare
695 3189 855 3230 soleat.
897 3187 978 3230 ubi

169 3250 319 3290 autem
341 3245 519 3287 nomine
553 3245 854 3296 substantivo,
870 3246 978 3287 vel·-

168 3302 238 3345 uti
275 3299 496 3357 μαντική,
553 3299 713 3356 φωνή,
774 3304 977 3358 σημεῖον,

172 3359 305 3402 idem
311 3358 552 3414 significet,
579 3358 647 3401 ibi
664 3363 741 3402 aut
759 3360 891 3432 plane
909 3359 978 3402 ni-

172 3416 244 3463 hil
271 3416 473 3471 adiiciat,
521 3420 600 3462 aut
628 3413 712 3462 τοῦ
742 3416 861 3465 θεοῦ
899 3431 979 3476 po-

1024 1701 1113 1746 tius
1142 1714 1278 1759 quam
1302 1700 1388 1746 τοῦ
1425 1699 1672 1758 δαιμονίου
1701 1699 1838 1745 adde-

1022 1775 1074 1802 re
1110 1761 1264 1803 soleat.
1326 1759 1505 1802 Etenim
1541 1757 1716 1803 etiamsi
1747 1772 1837 1802 ιιοιι

1023 1817 1275 1883 reperiatur
1306 1817 1434 1859 locus
1475 1817 1584 1859 huie
1627 1815 1748 1859 omni
1760 1829 1838 1864 sex

1024 1880 1150 1931 parte
1176 1872 1364 1926 similis3
1392 1878 1567 1927 tamen,
1596 1874 1713 1929 quod
1729 1872 1839 1916 libri

1026 1945 1177 1974 omno-3
1207 1930 1284 1972 hic
1312 1935 1514 1983 tuentur,
1555 1931 1661 1974 satis
1690 1935 1838 1973 tutum

1025 1988 1248 2031 existimo.
1278 1987 1385 2043 quin
1405 1989 1564 2041 etiam,
1593 1987 1633 2030 si
1654 1987 1840 2039 deesset,

1026 2059 1295 2103 magnopere
1318 2043 1653 2088 desideratum
1638 2043 1698 2087 iri
1720 2017 1842 2086 arbi-’-

1027 2108 1135 2146 tror.
1210 2101 1455 2145 Obscurius
1501 2102 1623 2145 enim
1671 2100 1840 2144 dictum
1889 2097 1894 2100 ”

1026 2159 1143 2202 foret
1179 2152 1209 2214 ἡ
1252 2155 1452 2202 εἰωθυῖά
1493 2173 1575 2214 μοι
1623 2154 1839 2214 μαντική,

1030 2216 1138 2272 quia
1170 2215 1365 2259 dubitari
1393 2220 1564 2271 posset,
1600 2229 1839 2271 quamnam

1030 2268 1279 2343 μαντικὴν
1275 2272 1560 2329 intelligeret.
1587 2274 1743 2328 Itaque
1762 2272 1842 2315 ad-

1032 2330 1098 2373 dit
1133 2325 1164 2386 ἠ
1195 2330 1279 2374 τοῦ
1308 2330 1575 2398 δαιμονίου,
1629 2330 1677 2372 h.
1709 2343 1748 2372 e.
1778 2342 1841 2373 ea

1031 2387 1346 2440 videlicet,
1404 2401 1563 2444 quam
1612 2386 1843 2430 daemo-

1031 2445 1129 2488 nio
1167 2444 1290 2497 illi,
1346 2444 1555 2499 dequo
1595 2443 1842 2487 mentio·-

1032 2516 1155 2545 nem
1183 2515 1353 2557 supra
1389 2500 1596 2571 inieci,
1649 2501 1840 2545 debeo.

1033 2560 1185 2614 Neque
1220 2559 1339 2601 enim
1377 2553 1406 2615 ἦ
1442 2555 1639 2616 μαντική
1677 2557 1844 2600 indicat

1036 2631 1158 2659 rem
1196 2616 1411 2672 ipsam,
1466 2630 1601 2673 quam
1638 2614 1793 2658 Socrat
1776 2618 1843 2656 tes

1037 2670 1281 2727 δαιμόνιον
1323 2687 1452 2716 suum
1492 2684 1844 2716 commemorans

1036 2732 1208 2775 solebat
1233 2730 1454 2786 cogitare3
1494 2730 1571 2772 sed
1602 2729 1750 2796 potius
1777 2728 1843 2770 el*-

1037 2790 1201 2831 fectum
1223 2789 1442 2843 quendam
1461 2786 1682 2830 daemonii
1702 2784 1847 2852 signi-

1037 2846 1155 2889 ficat.
1182 2869 1212 2878 —
1240 2845 1348 2887 Mox
1364 2846 1570 2888 observes
1590 2841 1847 2886 collocatio-

1034 2917 1139 2946 nem
1185 2903 1425 2944 verborum
1471 2916 1595 2944 πανυ
1633 2896 1711 2944 ἐπὶ
1746 2911 1848 2953 σμι-

1037 2963 1179 3028 κροῖς
1216 2973 1297 3014 pro
1339 2955 1415 3003 ἐπὶ
1453 2955 1582 3001 πάνυ
1621 2958 1845 3025 σμικροῖς.

1037 3013 1251 3060 Videlicet
1274 3031 1398 3059 πανυ
1427 3016 1566 3058 habet
1585 3010 1796 3058 τόνωσιν.
1816 3034 1847 3046 -

1041 3075 1099 3119 εἴ
1130 3089 1187 3116 τι
1227 3073 1501 3140 μέλλοιμι
1541 3072 1589 3114 h.
1619 3085 1665 3113 e.
1707 3083 1849 3125 quo-

1039 3132 1386 3186 tiescunque
1433 3130 1490 3190 in
1543 3141 1603 3172 eo
1645 3140 1849 3180 essem,

1040 3194 1098 3232 ut
1125 3193 1206 3229 etc.

1102 3240 1133 3288 ἅ
1148 3259 1196 3300 γε
1219 3240 1275 3299 δὴ
1298 3237 1535 3300 οἰηθείη”
1505 3257 1564 3287 αν
1583 3255 1655 3291 τις
1671 3237 1753 3284 καὶ
1772 3253 1851 3283 νο-

1043 3301 1245 3369 μίζεται]
1277 3302 1337 3343 Η.
1362 3315 1401 3343 e.
1443 3306 1486 3342 et
1513 3311 1716 3342 revera
1748 3310 1855 3354 gra-

1042 3358 1226 3401 vissima
1274 3358 1496 3400 malorum
1536 3354 1852 3399 existimantur.

1043 3416 1158 3464 Nam
1174 3414 1238 3461 ita
1256 3415 1444 3460 verbum
1466 3413 1734 3471 νομίζεσθαι
1751 3423 1855 3455 cum
