2040 3646
0 3331 18 3393 ἐἰ

6 3390 20 3399 ”
232 3397 378 3451 pulus.

0 3390 51 3646 ᾗ

1650 190 1754 237 xlx

62 341 215 395 ptum,
253 335 366 380 alias
399 335 566 388 terras,
594 330 896 391 proficiscendi
921 329 1156 378 consilium
1185 331 1427 389 caperetq.
1482 331 1631 389 Quum
1661 329 1752 389 igi-

48 400 137 467 tur
160 399 325 478 magna
354 398 467 463 esset
495 420 594 462 laus
630 424 674 463 et
699 418 938 462 auctoritas
960 398 1186 461 doctrinae
1206 416 1562 475 Pythagoricae,
1616 429 1751 473 quam

62 506 265 551 novimus
288 503 336 548 iri
361 505 551 548 Graecia
573 517 737 561 magna
771 503 1002 556 floruisse,
1051 502 1146 545 eius
1170 503 1492 558 pernoscendae
1511 499 1750 559 cupiditate

59 591 276 648 impulsus
312 590 506 647 primum
539 589 587 632 in
608 589 787 632 Italiam
817 588 1015 641 traiecit,
1059 587 1139 630 ubi
1166 587 1409 644 Archytam
1442 587 1752 640 Tarentinum,

62 677 294 720 Eudoxum
319 675 524 718 Cnidium
539 703 551 727 ,
582 674 693 717 alios
717 674 771 715 de
795 673 1018 730 physicis,
1054 671 1380 715 mathematicis
1395 704 1408 725 ,
1442 672 1600 715 ethicis
1623 672 1751 715 audi·

35 734 128 824 jvit
147 761 436 817 disputantes,
494 760 622 814 Quae
643 754 794 814 qualia
813 757 1001 810 suerint,
1030 771 1082 799 ex
1106 753 1312 809 Timaeo,
1337 756 1545 809 Philebo,
1571 757 1751 811 Politia,

62 844 342 896 aliis'libris‚
385 858 494 899 quos
525 847 678 898 postca
708 842 905 898 scripsit,
949 842 1176 885 aestimari
1207 845 1361 898 potest.
1420 842 1473 884 In
1500 841 1583 883 his
1602 847 1750 886 autem

60 930 249 986 aliisque
267 928 440 984 scriptis
464 929 581 984 quod
601 928 832 970 manifesta
857 941 1062 983 expressa
1083 933 1183 969 sunt
1202 926 1393 983 vestigia
1416 923 1641 969 doctrinae
1659 929 1749 984 Py-

47 1004 351 1072 thagoricae,
378 1013 425 1055 id
450 1014 554 1056 satis
583 1017 734 1069 aperte
761 1012 970 1065 declarat,
1011 1016 1174 1067 quanto
1201 1011 1343 1054 studio
1369 1011 1496 1054 illam
1524 1012 1749 1068 amplexus

59 1099 136 1143 sit:
181 1085 432 1155 quanquam
460 1098 698 1141 tenendum
729 1092 797 1140 est
827 1111 930 1140 eum
960 1097 1124 1154 placita
1157 1096 1460 1154 Pythagorica
1491 1108 1578 1139 non
1608 1097 1750 1141 videri

57 1184 235 1241 integra
265 1189 309 1226 et
331 1183 565 1226 immutata
598 1182 857 1235 retinuisse,
917 1183 1020 1235 sed,
1076 1181 1122 1224 id
1148 1182 1264 1237 quod
1296 1182 1405 1224 item
1435 1182 1490 1223 de
1514 1181 1749 1235 Heracliti,

57 1268 336 1330 Parmenidis
361 1274 493 1324 atque
514 1264 707 1311 Socratis
745 1267 945 1311 doctrina
969 1268 1170 1323 valebat,
1226 1267 1283 1310 ad
1314 1281 1419 1310 suae
1446 1267 1586 1323 ipsius
1616 1267 1749 1311 disci-

57 1354 204 1411 plinae
224 1354 442 1397 rationem
463 1354 773 1396 conformasse.
831 1355 898 1396 Ex
917 1367 1004 1408 qua
1025 1335 1076 1395 ‘re
1105 1351 1446 1408 explicationem
1471 1353 1609 1396 habet
1633 1352 1748 1395 anti-

59 1454 148 1495 qua
166 1439 247 1482 illa
267 1439 385 1481 fama
404 1444 448 1481 et
477 1452 505 1481 a
540 1437 741 1482 Platonis
775 1438 1169 1481 calumniatoribus
1206 1438 1359 1481 sedulo
1388 1439 1444 1480 ad
1479 1438 1749 1494 posteritatis

57 1524 319 1567 memoriam
337 1527 605 1580 propagata,
635 1537 722 1578 qua
742 1524 971 1566 ferebatur
994 1522 1291 1581 Pythagoreis
1313 1524 1456 1566 multa
1485 1522 1749 1579 surripuisse

58 1614 102 1653 et
126 1610 182 1653 ad
202 1623 296 1652 rem
321 1623 446 1651 suam
476 1608 768 1651 transtulisse.
828 1610 981 1664 Quum
1015 1613 1164 1652 autem
1188 1608 1359 1652 videret
1391 1609 1448 1652 ad
1476 1608 1750 1665 Pythagori—

59 1709 136 1738 cae
169 1694 394 1737 doctrinae
419 1694 593 1749 plenam
622 1693 948 1749 perfectamque
988 1694 1286 1751 cognitionem
1321 1698 1366 1737 et
1404 1693 1748 1751 intelligentiam

55 1780 223 1836 requiri
246 1783 500 1822 accuratam
524 1778 755 1821 scientiam
775 1792 926 1821 rerum
949 1778 1403 1840 mathematicamm,
1427 1779 1584 1822 relicta
1614 1779 1747 1823 Italia

56 1865 210 1921 pet-ivit
237 1865 457 1922 Cyrenas,
515 1868 565 1906 ut
597 1863 771 1906 audiret
797 1864 1089 1907 Theodorum
1107 1897 1121 1918 ,
1175 1865 1252 1921 qui
1283 1877 1384 1909 cum
1420 1864 1529 1907 olim
1559 1864 1744 1907 Athenis

54 1954 252 1993 versatus
275 1953 391 1992 esset
406 1981 420 2002 ,
455 1962 667 2006 magnam
688 1939 755 1991 ibi
783 1953 937 2029 nactus
958 1938 1054 1993 erat
1075 1949 1211 1992 huius
1233 1950 1458 1993 doctrinae
1479 1950 1658 1993 laudem
1667 1951 1741 2006 **).

54 2035 145 2078 Hic
164 2049 304 2089 quam
320 2034 396 2075 diu
419 2039 715 2077 commoratus
739 2034 822 2087 sit,
850 2049 939 2078 non
966 2039 1148 2079 constat.
1205 2035 1332 2078 Fecit
1353 2040 1507 2078 autem'
1536 2036 1623 2077 hoc
1657 2034 1744 2077 iter

52 2118 101 2162 in
130 2118 325 2162 Africam
354 2122 604 2174 susceptum
621 2150 634 2171 ,
691 2123 742 2162 ut
767 2133 870 2162 eum
898 2119 1125 2163 invaderet
1154 2120 1288 2163 etiam
1319 2120 1537 2176 cupiditas
1571 2119 1743 2163 visendi

55 2203 322 2262 Aegyptum.
380 2191 511 2248 Hanc
529 2203 649 2247 enim
668 2207 834 2248 terram
860 2209 1045 2249 noverat
1060 2205 1254 2261 plurima
1272 2205 1462 2258 habere,
1502 2219 1616 2262 quae
1639 2203 1747 2261 quia·

112 2450 153 2506 ’)
183 2451 283 2506 Quo
302 2448 456 2492 ordine
485 2448 646 2492 itinera
663 2447 862 2493 Platonis
883 2462 979 2493 sese
1009 2449 1279 2508 exceperint,
1317 2450 1371 2494 de
1404 2464 1456 2494 eo
1485 2462 1649 2506 magna
1681 2452 1746 2493 est

224 2511 428 2548 veterum
460 2507 723 2562 scriptorum
768 2508 993 2555 dissensio.
1032 2522 1075 2552 v.
1112 2509 1307 2551 Astius
1341 2509 1370 2551 l.
1409 2523 1446 2551 c.
1478 2523 1518 2563 p.
1542 2507 1599 2549 22
1625 2521 1739 2561 sqq.‚

229 2563 306 2617 qui
340 2564 600 2605 Ciceronem
632 2564 685 2606 de
706 2564 804 2607 Fin.
834 2565 884 2606 V.
921 2565 991 2608 29.
1036 2566 1220 2608 Tuscul.
1242 2566 1277 2608 Ι.
1310 2564 1379 2608 17.
1409 2565 1464 2607 de
1488 2564 1679 2620 Republ.
1705 2563 1763 2608 l..

223 2620 295 2664 10.
326 2625 499 2662 secutus
522 2628 670 2663 censet
692 2621 1009 2677 philosophum
1038 2622 1180 2678 primo
1204 2623 1251 2665 in
1268 2622 1488 2675 Africam,
1522 2618 1680 2663 deinde
1698 2619 1745 2663 in

226 2676 407 2719 Italiam
430 2691 525 2719 esse
551 2679 808 2733 profectum.
848 2680 902 2722 cf.
935 2680 1171 2724 Corsini
1199 2680 1260 2721 de
1289 2679 1472 2722 natali
1501 2678 1584 2719 die
1614 2678 1745 2720 Pla-

232 2733 413 2784 tonis,
472 2734 599 2776 eius
648 2740 839 2777 aetate
880 2741 937 2779 et
973 2736 1028 2778 in
1068 2737 1311 2780 Italiam
1355 2735 1668 2779 itineribus
1697 2734 1743 2775 in

231 2789 394 2832 Gorii
423 2790 714 2847 Symbolis
742 2792 898 2835 Litte
914 2806 1020 2835 rar.
1062 2793 1159 2838 Vol.
1183 2794 1251 2837 vI.
1287 2810 1330 2850 p.
1351 2793 1437 2835 loo
1459 2806 1550 2847 sqq.
1608 2790 1746 2846 Equi-

230 2846 331 2887 dem
360 2855 534 2889 secutus
569 2861 668 2890 sum
706 2849 1016 2905 Apuleium
1044 2855 1272 2893 auctorem
1308 2849 1364 2893 T.
1391 2851 1448 2894 11.
1483 2865 1525 2905 p.
1553 2848 1649 2890 186.
1674 2848 1742 2889 ed.

229 2901 532 2959 Oudendorp„
588 2919 721 2958 quem
749 2911 870 2949 recte
910 2907 1123 2950 iudicavit
1172 2907 1475 2964 Menagius
1513 2906 1567 2948 ad
1599 2906 1743 2947 Laert.

227 2958 522 3015 discrepantes
554 2961 746 3004 aliorum
783 2964 1056 3008 narrationes
1090 2964 1135 3006 in
1165 2964 1363 3007 ordinem
1393 2963 1611 3018 redigere.
1679 2961 1744 3002 Ac

229 3021 351 3058 tanto
373 3018 470 3072 plus
493 3019 639 3060 valere
659 3019 788 3061 debet
806 3020 939 3062 huius
961 3021 1184 3074 scriptoris
1202 3017 1462 3072 auctoritas,
1493 3020 1607 3074 quod
1637 3032 1744 3060 usus

225 3071 400 3115 videtur
421 3076 748 3174 comiggntiariis
759 3076 1005 3133 Speusippi,
1031 3076 1107 3134 qui
1124 3078 1209 3120 fuit
1231 3092 1366 3133 nepos
1378 3076 1576 3120 Platonis
1599 3089 1651 3117 cx
1673 3088 1744 3117 so·-

229 3142 344 3174 rore.
374 3145 418 3173 V.
443 3146 485 3186 p.
595 3166 604 3176 .
649 3165 659 3175 .
682 3140 730 3175 ου
757 3139 760 3142 ’
852 3146 857 3152 ·

25 3264 36 3276 ,
119 3222 178 3295 ff)
206 3224 256 3269 V.
280 3227 317 3270 A
330 3242 356 3283 p
369 3216 425 3270 ul
437 3243 461 3270 e
473 3228 502 3271 i.
520 3227 573 3271 de
595 3226 798 3273 habitud.
820 3232 956 3275 doctr.
972 3230 1006 3274 1.
1032 3219 1139 3275 init.
1158 3231 1226 3275 Ab
1242 3213 1338 3287 ipso
1357 3229 1541 3273 Platone
1555 3229 1747 3285 ‘Theaet.

229 3298 280 3338 p:
293 3284 390 3327 143.
412 3286 464 3328 Ε.
505 3286 603 3328 147.
627 3287 682 3329 D.
707 3302 799 3343 sqq.
839 3287 938 3331 161.
968 3288 1029 3331 B.
1049 3303 1140 3343 sqq.
1187 3288 1284 3332 168.
1316 3289 1367 3330 Ε.
1408 3291 1613 3330 niu-ratur
1646 3291 1748 3327 ante

231 3340 427 3385 Socratis
458 3348 649 3387 mortem
679 3343 874 3389 Athenas
899 3343 1074 3389 venisse
1104 3350 1149 3388 et
1167 3346 1442 3404 Protagorae
1460 3342 1595 3386 fuisse
1617 3341 1748 3384 disci-
