2040 3646
731 167 1158 219 SYMPOSIUM.

1684 168 1790 224 103

119 304 307 364 de'xa'
278 327 368 384 ετη
391 300 667 382 αναβολὴν
692 301 910 381 ἐποίησε
937 307 1035 387 τῆς
1056 301 1261 372 νόσου,
1303 296 1343 380 ἢ
1366 297 1439 380 δὴ
1475 299 1567 358 καὶ
1599 298 1686 374 ἐμὲ
1715 321 1783 357 τα

121 386 343 465 ἐρωτικὰ
369 386 635 459 ἐδίδαξεν,
678 423 764 433 --
807 383 874 446 ὃν
896 387 1002 446 οὐν
1032 387 1204 466 ἐκείνη
1233 385 1372 463 ἔλεγε
1404 383 1570 463 λόγον
1594 381 1783 461 πειρά-

122 488 291 549 σομαι
309 471 443 549 ὑμῖν
464 476 700 532 διελθεῖν
721 472 780 530 ἐκ
803 476 912 530 τῶν
934 469 1358 575 ώιιολογιζιιένων
1378 469 1496 545 ἐμοὶ
1516 469 1609 527 καὶ
1630 466 1784 545 Ἀγά-

121 563 291 630 emm,
348 554 518 629 αὐτὸς
553 553 633 615 ἐπ’
673 556 941 632 ἕιιαυτοΰ,
985 552 1134 628 ὅπως
1164 551 1233 614 ἆν
1269 553 1527 629 δύνωμαι.
1585 556 1669 611 δεῖ
1695 550 1782 631 δή,

124 642 168 700 ὠ
191 639 461 719 Ἀγάθων,
503 637 678 716 ὥςπερ
701 638 778 699 66
807 638 1066 720 διηγήσω,
1108 643 1342 698 διελκθεῖν
1365 634 1533 697 αυτὸν
1554 641 1784 713 πρῶτον,

125 726 207 797 τίς
235 723 427 784 ἐστιν
399 748 432 783 ο
445 722 636 802 ’Έρως
662 726 756 782 καὶ
775 724 935 795 ποῖός
958 747 1063 796 τις,
1117 724 1294 782 ἔπειτα
1325 743 1391 780 τα
1426 723 1565 826 ἔργα
1590 719 1782 779 αὐτοῦ.
1806 731 1857 785 Ε

125 813 279 868 δοκεῖ
304 798 409 868 οὖν
445 824 538 884 μοι
568 808 770 889 ῥᾶστον
802 804 938 867 εἶναι
962 804 1111 866 οὕτω
1135 811 1395 879 διελθεῖν,
1449 804 1524 878 ὥς
1557 802 1676 863 ποτ’
1699 805 1787 880 ἐμὲ

126 891 164 973 ἡ
190 891 314 972 ξένη
339 891 712 970 ανακρίνουσα
734 891 888 968 διήει.
948 888 1142 968 σχεδὸν
1177 891 1278 970 γάρ
1314 913 1364 949 τι
1386 891 1478 949 καὶ
1516 886 1635 967 ἐγω
1647 885 1789 966 πρὸς

126 974 303 1056 αὐτὴν
321 977 474 1054 ε’τερα
493 981 729 1035 τοιαῦτα
749 977 958 1054 ε’λεγον,
1001 972 1190 1053 οἷάπερ
1215 980 1321 1036 νῦν
1349 972 1490 1052 πρὸς
1522 974 1609 1050 ἐμὲ
1635 971 1787 1051 Ἀγα-

125 1068 276 1134 tram,
331 1058 406 1132 ὥς
441 1062 525 1140 ειἠ
562 1058 595 1119 ὃ
623 1057 816 1137 ’Ἑρως
853 1060 1016 1138 μέγας
1046 1059 1228 1132 θεός,
1246 1062 1330 1139 εἴη
1365 1060 1425 1118 δὲ
1451 1063 1558 1118 τῶν
1590 1062 1786 1115 καλῶν.

127 1143 313 1225 ἤλεγχε
338 1144 409 1224 δή
430 1168 493 1221 με
521 1143 740 1216 τούτοις
762 1151 878 1217 τοῖς
899 1143 1102 1222 λόγοις,
1124 1141 1307 1221 οἷςπερ
1333 1140 1433 1221 ἐγω
1461 1147 1674 1215 τοῦτον,
1716 1138 1791 1212 ὡς

128 1227 258 1297 οὔτε
292 1225 461 1301 καλὸς
497 1230 580 1307 εἴη
615 1226 752 1287 κατὰ
784 1226 880 1288 τὸν
915 1226 1044 1314 ἐμὸν
1063 1229 1228 1307 λόγον
1252 1227 1379 1288 οὔτε
1418 1223 1644 1306 αγαθός.
1698 1225 1791 1284 καὶ

127 1313 260 1391 ἐγώ,
314 1318 451 1385 Πῶς
482 1312 678 1391 λέγεις,
730 1313 898 1393 ε’,φην
954 1314 999 1371 ὠ
1037 1314 1301 1389 Διοτίμας
1354 1307 1575 1389 αἰσχρὸς
1612 1307 1718 1386 ἄρα
1755 1305 1788 1367 ὁ

114 1395 294 1474 Ἔρως
320 1398 431 1456 ἐστὶ
450 1398 543 1454 καὶ
565 1395 769 1469 κακός·
748 1441 764 1464 ,

852 1394 1020 1456 Καὶ
991 1392 1058 1476 η’,
1109 1395 1230 1455 Οὐκ
1253 1393 1624 1484 ευφηιιήσεις,·
1665 1394 1789 1471 ε’·φη

124 1479 170 1562 ἢ
192 1485 322 1554 οἴει,
377 1478 413 1540 δ’
445 1504 496 1539 τι
535 1478 603 1539 ὂέν
623 1479 699 1561 μὴ
733 1479 904 1550 καλὸν
929 1471 995 1557 ἦ,
1051 1478 1342 1558 ἀναγκαῖον
1381 1477 1519 1538 αὐτὸ
1541 1485 1675 1537 εἰναι
1705 1478 1792 1534 αἰ-

128 1565 326 1644 σχρόνς
390 1564 649 1624 Μάλιστά
683 1588 757 1643 γε.

137 1647 166 1671 Ἃ
246 1648 263 1671 2
328 1647 356 1669 ,Ι

127 1675 166 1731 η
189 1673 297 1711 ουκ
316 1656 600 1730 ησθησαι,

834 1555 914 1624 'H
937 1561 1088 1623 καὶἿ
1064 1588 1132 1624 αν
1168 1563 1243 1644 μή
1283 1563 1491 1642 σοφόν,
1551 1561 1793 1639 ἄμαθέςς
1813 1564 1935 1621 202

638 1646 720 1710 ὅτι
744 1650 854 1708 ε’στι
877 1672 928 1709 τι
949 1646 1148 1726 μεταξὺ
1173 1650 1376 1728 σοφίας
1406 1649 1500 1707 καὶ
1522 1645 1795 1724 ἄμαθίαςς

175 1833 330 1906 ,αὐτὸς
355 1832 422 1880 ἐπ’
449 1835 673 1893 ἐμαυτοῦ]
705 1837 779 1881 Sic
805 1836 1056 1894 scripsimus
1071 1836 1123 1879 de
1139 1836 1389 1880 coniectura
1406 1832 1549 1878 Bastii
1569 1846 1648 1889 pro
1669 1830 1793 1888 νύξ.

129 1888 270 1945 αυτὸς
291 1888 368 1937 ἄπ’
396 1892 612 1949 ἐμαυτοῦ.

183 1967 338 2028 ἤλεγχε
360 1969 416 2027 δή
434 1972 518 2027 με]
552 1971 627 2014 Sic
647 1971 775 2014 Bodl.
806 1974 850 2014 et
871 1971 963 2016 alii.
992 1970 1043 2015 V.
1066 1969 1132 2015 δέ.

184 2044 216 2105 ἢ
241 2049 358 2105 οἴει]
389 2050 435 2092 V.
462 2041 491 2105 ἦ
519 2048 620 2093 οἷέι.
677 2048 762 2091 Sed
787 2063 938 2092 sensus
958 2048 1143 2104 requirit
1162 2048 1269 2090 hoc:
1300 2058 1365 2089 an
1392 2047 1451 2088 tu
1478 2042 1798 2104 existimas.

177 2119 243 2170 'H
259 2125 339 2170 καὶ
366 2120 425 2170 ὂὶν
445 2142 490 2181 μ.
519 2126 591 2183 σ.]
623 2125 934 2170 Coniecerunt:
962 2119 991 2183 ἦ
1018 2120 1045 2171 ὅ
1063 2141 1115 2175 τι,
1132 2119 1190 2168 ὂὶν
1199 2121 1260 2181 μὴ
1273 2135 1380 2179 uoq).
1410 2122 1510 2178 Ego
1524 2134 1639 2163 nunc
1652 2120 1801 2163 locum

130 2184 355 2242 integrum
378 2198 473 2227 esse
497 2197 667 2226 censeo.

133 2323 500 2380 Peloponnesiaci
558 2323 749 2367 Athenas
802 2322 936 2365 mise·
999 2320 1188 2365 suisti.

52 2416 54 2418 v
135 2397 186 2424 re
227 2383 448 2424 vastabat.
509 2379 935 2436 v.'1'hucy‹1.11.
999 2379 1232 2450 legebatur
1257 2374 1524 2446 καθηγήσω.

137 2453 176 2482 c.
196 2440 366 2481 XLVII.
389 2453 452 2493 sq.

193 2490 245 2539 ὃν
269 2487 353 2539 οὖν
375 2493 521 2550 ἐκείνη
542 2491 598 2537 ἕλ.
609 2493 629 2549 ]
673 2491 940 2535 Redorditur

136 2554 386 2608 abruptum
390 2551 602 2595 sermonis
626 2550 751 2592 filum
774 2549 863 2599 ita,
889 2552 940 2590 ut

138 2622 252 2664 quae
275 2607 583 2651 illustrationis
607 2621 739 2649 causa
761 2604 941 2656 addidit,

140 2679 194 2707 ea
240 2679 356 2706 nunc
392 2665 542 2720 paucis
562 2636 942 2733 3’geomprehendat

138 2721 268 2764 illata
289 2722 506 2777 particula
526 2713 623 2764 οὖν.
665 2721 776 2763 Nam
799 2717 943 2765 omitti

142 2782 344 2850 poterant
381 2779 514 2819 haec.
571 2771 624 2819 ὃν
669 2769 753 2820 οὖν
796 2772 941 2829 ἐκείνη

143 2833 260 2887 ελεγε
289 2832 436 2883 λόγον.
486 2847 527 2878 v.
555 2834 611 2876 ad
639 2834 674 2875 A
680 2834 824 2888 p.olog
862 2831 943 2874 So-

143 2897 248 2933 crat.
250 2907 318 2958 Ρ
341 2890 410 2932 2¹).
430 2890 477 2931 C.
507 2905 549 2945 p.
571 2889 639 2931 40.
661 2892 716 2932 D.

204 2942 344 2996 αὐτὸς
369 2942 437 2989 ἐπ’
455 2943 668 3000 ἐμαυτοῦ]
699 2946 824 3001 ipse
851 2959 946 3000 per

149 3017 232 3046 me
267 3005 531 3045 conabor
570 3017 612 3044 v,
651 3001 949 3044 Schaeferi

145 3061 314 3103 Melett.
346 3059 469 3102 Critt.
496 3074 538 3114 p.
560 3058 616 3100 21
639 3073 702 3112 sq.
737 3064 780 3101 et
775 3073 853 3169 Pp)
875 3058 945 3102 83

149 3117 449 3158 Hermann.
494 3116 550 3157 ad
580 3115 727 3171 Viget.
808 3113 946 3155 ,813.

147 3172 293 3234 Vulgo
323 3167 409 3214 ἀπ’
435 3169 658 3226 ἐμαυτοῦ,
716 3171 832 3226 quod
860 3174 948 3213 est·

150 3242 272 3271 mea
298 3234 504 3284 sponte.

209 3342 259 3382 E.
309 3335 455 3398 ω’ςπερ
487 3336 541 3383 σύ
571 3336 799 3394 διηγήσω]
842 3338 888 3380 h.
913 3352 951 3379 e.

151 3397 620 3452 quemadmodum
677 3403 735 3439 tu
786 3409 954 3450 expo-

1242 2319 1376 2363 Aliud
1409 2321 1474 2361 est
1513 2315 1631 2373 quod
1672 2327 1804 2371 supra

1060 2434 1190 2491 ἕτερα
1226 2434 1422 2477 τοιαῦτα
1456 2429 1639 2484 ε’λεγον]
1688 2428 1734 2468 h.
1765 2440 1803 2468 e.

1002 2492 1253 2535 itidem
1289 2490 1437 2532 talia
1476 2486 1803 2529 dicebam.
1850 2515 1868 2533 x

1004 2549 1232 2592 Phaedon.
1280 2561 1323 2601 Ρ.
1350 2544 1418 2588 58.
1462 2546 1518 2586 D.
1574 2540 1654 2585 καὶ
1696 2535 1808 2588 τοὺς

1007 2600 1346 2656 ἀκουσομένους
1374 2617 1423 2656 ’γε
1453 2597 1695 2647 τοιούτους
1716 2593 1808 2639 ετέ

1009 2677 1121 2721 ρους
1144 2659 1268 2728 εχεις.
1299 2659 1379 2700 ubi
1406 2673 1448 2700 v.
1473 2660 1618 2700 annot.
1647 2678 1676 2686 -
1713 2650 1806 2708 με’-

1006 2734 1130 2784 γας
1135 2715 1289 2764 θεός.
1325 2716 1371 2759 11,
1406 2730 1444 2757 e.
1486 2712 1669 2756 omnis
1708 2723 1809 2765 ge-

1007 2774 1164 2818 neris
1204 2771 1525 2814 virtutibus
1565 2774 1806 2810 ornatus,

1007 2834 1190 2875 Frustra
1214 2829 1244 2870 S
1257 2844 1285 2884 y
1299 2829 1325 2868 d
1337 2828 1442 2869 enh
1454 2841 1531 2869 am
1543 2840 1599 2866 us
1626 2820 1809 2876 ἀγαθὸς

1009 2887 1122 2936 θεός
1139 2885 1354 2936 coniecit,
1380 2883 1581 2926 Wolfio
1610 2895 1696 2922 non
1723 2879 1809 2920 im-

1010 2946 1232 3001 probante.
1291 2941 1413 2982 Idem
1463 2938 1619 2981 deinde
1663 2937 1811 2989 lapsus
1863 2958 1866 2962 -

1012 3005 1104 3050 est,
1131 3000 1267 3042 verba
1293 2997 1360 3052 εἴη
1389 2995 1437 3039 δὲ
1463 2996 1554 3038 τῶν
1577 2993 1726 3036 καλῶν
1748 2991 1813 3031 sic
1866 3040 1869 3044 .

1014 3057 1253 3113 explicans.
1296 3055 1363 3108 εἴη
1389 3052 1437 3095 δε
1458 3051 1507 3095 ἐκ
1530 3051 1621 3093 τῶν
1644 3048 1809 3091 καλῶν.

1011 3115 1108 3156 Imo
1162 3111 1311 3154 καλῶν
1357 3109 1516 3163 pendet
1561 3109 1617 3150 ab
1649 3100 1813 3160 ''E9c09‚

1013 3169 1130 3224 quod
1167 3167 1302 3209 etiam
1337 3166 1413 3206 hic
1447 3165 1640 3219 positum
1670 3165 1736 3203 est
1763 3162 1815 3201 ut

1013 3223 1245 3281 1›.196.1).
1274 3222 1353 3264 ubi
1378 3237 1414 3263 v.
1439 3224 1583 3263 annot.

1070 3281 1121 3323 P.
1144 3279 1241 3322 202.
1290 3274 1352 3320 Ἦ
1364 3277 1444 3320 καὶ
1467 3273 1524 3319 ἂν
1553 3272 1614 3345 μὴ
1640 3271 1811 3330 σοφόν]

1015 3337 1062 3379 11.
1085 3351 1122 3380 e.
1164 3331 1222 3378 ἄν
1251 3350 1297 3377 τι
1323 3331 1382 3389 μὴ
1416 3330 1577 3387 σοφόν.
1633 3332 1746 3375 Nam
1770 3343 1815 3371 τι
1879 3371 1881 3373 ,

1015 3408 1041 3436 e
1062 3392 1284 3449 superiore
1303 3390 1331 3435 ὅ
1354 3407 1398 3434 τι
1417 3391 1547 3433 facile
1579 3387 1816 3442 intelligas.
