2040 3646
294 179 365 236 66
958 172 1244 229 PLATON
1251 174 1311 226 18

298 317 537 384 σασθαι,
594 307 712 369 αλλ’
745 306 930 391 ἐπειδὴ
968 309 1026 370 ἐκ
1059 315 1157 392 τῆς
1190 308 1379 372 θόλου
1415 307 1742 392 ἐξήλθομεν,
1797 313 1851 373 οἱ
1885 335 1985 390 μευ

296 398 539 474 τέτταρες
567 392 772 478 ὤχουτο
808 397 883 468 εἰς
906 399 1194 473 Σαλαιιῖυα
1216 396 1307 455 καὶ
1346 393 1554 476 ἤγαγον
1593 397 1832 470 Λέουτα,
1877 395 1980 476 ἐγω

299 483 358 541 δὲ
393 478 613 563 ᾠχόμην
650 476 826 539 ἄπιοιυ
851 481 1051 549 οἶκαδε.
1134 482 1229 540 καὶ
1264 483 1395 554 ἴσως
1433 479 1501 540 ὂέυ
1536 478 1627 541 διὰ
1662 479 1813 548 ταῦτ’
1850 481 1986 541 εἶπέ-

299 573 509 638 θαυου,
554 566 602 624 εἰ
637 562 712 646 μὴ
735 562 772 645 ὴ
795 562 933 646 ἀρχὴ
967 562 1056 624 διὰ
1093 565 1298 643 ταχέων
1333 563 1633 648 κατελύθη.
1718 567 1813 626 καὶ
1850 565 1986 628 τού-
2030 629 2037 642 ,y

207 668 262 723 Ε
302 673 410 710 τωυ
445 647 578 727 ὑμῖν
600 649 812 709 ἔσονται
845 651 1041 709 πολλοὶ
1075 673 1362 754 μαρτυρες.

474 735 842 817 Cap.XX1.
919 726 1030 813 Ἆρ’
1066 758 1172 795 ουυ
1217 759 1286 796 αυ
1334 758 1398 813 με
1436 736 1622 795 οἴεσθε
1660 732 1914 794 τοσαδε’
1895 733 1987 814 ε’τη

302 820 666 899 διαγενέσθαι,
709 821 757 878 εἰ
781 819 1042 897 ἔπραττον
1063 843 1130 879 τα
1156 823 1190 879 δ
1196 818 1413 901 ηιιοσια,
1439 822 1532 879 καὶ
1554 819 1804 896 πραττωυ
1827 816 1988 892 αξίως

303 901 506 984 αυδρός
548 901 770 984 αγαθοῦ
791 903 1070 986 ἑβοηθουυ
1093 912 1208 978 τοῖς
1245 906 1478 977 δικαίοις
1502 906 1621 977 καί,
1665 901 1853 1007 ωςιιτερῗ
1863 902 1986 983 χρή,

301 995 468 1049 τοῦτο
493 989 614 1068 περὶ
639 989 901 1049 πλείστου
926 988 1257 1070 ἐποιούμηυ,·
1296 994 1516 1049 πολλοῦ
1555 1012 1612 1068 γε
1652 993 1765 1062 δεῖ,
1808 1014 1852 1048 ω
1889 1011 1988 1047 αυ-

303 1077 428 1152 δρες
448 1071 746 1155 Ἀθηναῖοι·
823 1062 998 1134 ου’δε
981 1098 1085 1153 γαρ
1126 1098 1195 1134 αυ
1235 1073 1402 1148 αλλος
1440 1071 1751 1150 ἀνθρώπων
1784 1071 1986 1145 ofideastg

178 1171 262 1229 33
304 1157 420 1218 ἀλλ’
445 1156 544 1239 ἐγώ
568 1157 660 1218 δια
681 1155 886 1232 παντὸς
914 1165 1021 1219 τοῦ
1041 1161 1170 1236 βίου
1193 1161 1440 1265 δηιιοσία
1455 1182 1509 1218 τε
1536 1161 1591 1219 εἴ
1603 1156 1719 1218 πού
1742 1180 1794 1217 τι
1819 1159 1988 1234 ε’πραυ

303 1242 386 1316 ξα,
420 1249 676 1316 τοιοῦτος
700 1249 1005 1323 φανοῦμαι,
1047 1243 1139 1303 καὶ
1165 1243 1332 1327 ἰδία
1304 1269 1336 1304 ο
1364 1241 1534 1318 αὐτὸς
1561 1234 1756 1316 οὗτος,
1800 1216 1992 1303 ουδευὶ

302 1327 523 1390 πώποτε
550 1327 908 1409 ξυγχωοήσας
941 1327 1108 1390 ουδὲυ
1131 1327 1282 1406 παρα
1321 1327 1384 1388 τὸ
1415 1330 1629 1388 δίκαιον
1665 1326 1794 1388 οὔτε
1841 1325 1991 1410 αλλῳ

302 1411 432 1477 οὔτε
484 1411 695 1474 τούτων
752 1412 968 1489 οὐδενί,
1029 1410 1137 1487 οὓς
1191 1414 1247 1475 οἱ
1286 1411 1669 1492 διαβάλλουτές
1707 1411 1774 1491 μέ
1816 1426 1991 1491 φασιν

303 1495 472 1577 ἐμοὺς
493 1494 766 1604 μαθητας
798 1495 949 1560 εἶναι
1030 1493 1130 1579 ἐγώ
1167 1500 1228 1560 δε
1261 1499 1594 1572 διδασκαλος
1621 1521 1720 1575 μευ
1759 1494 1991 1570 ουδε-υὸς

300 1580 509 1646 πώποτ’
547 1583 820 1665 ἐγευόμην·
864 1587 914 1645 εἰ
946 1581 1008 1643 δέ
1045 1608 1127 1658 τις
1152 1585 1292 1662 εμοῦ
1312 1585 1568 1664 λέγοντος
1591 1585 1686 1642 καὶ
1724 1604 1792 1641 τα
1818 1582 1991 1659 ἐιιαυ·

298 1674 407 1731 τοῦ
451 1667 785 1749 πράττοντος
821 1668 1081 1746 ἐπιθυμεῖ
1118 1667 1375 1745 ἀκούειν,
1442 1671 1543 1729 εἴτε
1593 1664 1853 1747 υεωτερος
1888 1669 1995 1736 εἴτε

354 1835 463 1893 Gap.
490 1835 610 1886 xxl.
660 1827 747 1894 Ag?
773 1827 857 1879 οὖν
882 1827 941 1879 ἄν
959 1849 1014 1892 με
1039 1836 1212 1894 οἴεσθε]
1241 1833 1515 1882 Voculam*
1485 1853 1544 1882 αν
1566 1849 1619 1881 ex
1639 1835 1764 1880 codd.
1795 1832 1993 1879 restitui-

299 1907 424 1939 mus:
454 1894 643 1951 pertinet
661 1899 810 1937 autem
836 1894 894 1937 ad
926 1894 1209 1938 infinitivum.

355 1969 578 2020 ἐπιθυμεῖ
595 1965 814 2028 ακούειυ]
845 1970 922 2014 Sic
955 1972 1079 2015 codd.
1116 1971 1286 2029 optimi.
1363 1972 1610 2029 vulgatum
1660 1968 1892 2026 ἐπιθυμοῖ
1926 1973 1994 2013 et-

296 2028 431 2073 iamsi
473 2033 640 2072 statuas
658 2029 889 2085 repetitam
912 2029 1132 2072 actionem
1157 2030 1375 2083 indicare,
1406 2036 1557 2072 tamen
1592 2027 1853 2085 indicativus
1880 2027 1989 2070 huic

296 2087 397 2131 loco
415 2088 530 2131 bene
551 2086 770 2140 convenit,
790 2099 928 2142 quum
947 2085 1153 2131 Socrates
1172 2088 1237 2132 ita
1257 2088 1488 2144 loquatur,
1521 2091 1570 2131 ut
1602 2087 1752 2131 omnia
1771 2086 1906 2130 etiam
1931 2085 1988 2129 ad

353 2221 539 2296 ᾠχόμην
572 2222 725 2272 ἀπιὼν
754 2224 940 2282 οἴκαδε]
982 2227 1027 2272 Ῑι.
1070 2242 1109 2272 e.
1176 2228 1554 2285 Verwaltung
1605 2227 1723 2271 dem
1766 2227 1990 2271 Rechte

295 2285 564 2328 continuo
606 2285 742 2328 abii.
780 2298 822 2327 v.
862 2284 1107 2330 Dorvill.
1176 2284 1487 2330 beistiinde
1515 2285 1856 2337 unddieses‚
1883 2284 1989 2326 wie

292 2343 350 2385 ad
387 2343 556 2385 Charit.
587 2358 630 2399 p.
668 2341 767 2385 297.
817 2341 1019 2385 Matth.
1064 2346 1107 2398 ς.
1177 2343 1307 2386 sich
1345 2343 1799 2400 gebiihrt‚1”1ber
1835 2341 1990 2385 alles

291 2397 390 2443 559.
417 2415 456 2442 c.

353 2456 609 2526 Cap.xx1.
638 2457 691 2499 Ε.
722 2454 768 2501 εἰ
793 2453 1021 2514 ἔπραττον
1048 2455 1107 2502 τὰ

291 2511 496 2570 δημόσια
534 2537 565 2547 -
612 2471 902 2580 ἐποιούμην]
956 2515 1108 2570 Quum

290 2573 525 2639 praecedat
570 2570 761 2613 aoristus
809 2571 1107 2627 διαγενέσθαι

301 2621 376 2679 ἄν,
387 2643 517 2670 nemo
530 2642 617 2670 non
627 2629 905 2684 exspectabat
915 2628 990 2673 εἰ”
969 2644 1106 2689 επρα-

290 2682 397 2738 ξα-
426 2681 728 2741 ἐποιησάμην.
780 2686 870 2728 Sed
892 2691 1013 2728 recte
1027 2702 1106 2741 po-

288 2741 358 2784 nit
391 2742 721 2798 imperfectum,
752 2755 890 2796 quum
915 2758 1002 2786 non
1035 2758 1106 2786 so-

285 2798 385 2841 lum
411 2799 464 2841 de
494 2799 734 2854 praeterito
765 2805 987 2854 tempore,
1029 2800 1104 2842 sed

287 2855 344 2898 de
364 2856 584 2910 praesenti
611 2856 791 2913 cogitet.
849 2856 955 2899 Vult
985 2857 1103 2901 enim

286 2912 544 2980 significare
603 2928 649 2955 se
696 2927 835 2968 usque
878 2913 933 2955 ad
981 2914 1102 2957 hunc

283 2969 405 3012 diem
432 2970 754 3037 rempublicam
779 2984 865 3013 non
885 2970 1102 3027 attigisse,

283 3025 350 3069 ita
373 3031 423 3069 ut
454 3026 664 3082 publice·
651 3041 719 3069 lus
724 3026 846 3069 titiae
876 3041 1101 3082 nunquam

283 3083 342 3126 sit
363 3083 616 3139 opitulatus.
669 3085 806 3127 Plane
831 3085 986 3126 eodem
1004 3099 1101 3127 mo-

282 3139 340 3182 do
390 3141 636 3183 Germani:
713 3157 736 3180 »
757 3141 961 3184 Glaubt
1010 3141 1098 3185 ihr

280 3197 457 3249 wohl,
507 3198 631 3240 dass
682 3196 776 3239 ich
825 3212 882 3240 so
935 3197 1096 3242 vicle

278 3253 465 3296 Jahre
515 3267 558 3297 w
583 3255 611 3296 ii
632 3268 655 3295 r
676 3255 703 3295 d
726 3269 751 3296 e
807 3254 942 3296 dnrc
953 3255 1093 3310 hgo-

276 3310 488 3353 bracht
542 3310 753 3363 haben,
798 3325 949 3354 wenn
996 3311 1089 3355 ich

1174 2398 1683 2443 hochschatzte2«

1231 2451 1340 2501 οὐδὲ
1368 2453 1454 2513 γὰρ
1485 2450 1542 2499 ἂν
1572 2451 1707 2505 ἄλλος
1736 2449 1876 2514 ⁰3⁹³?-
1906 2450 1986 2499 οὖ
2019 2492 2030 2501 .

1173 2514 1301 2572 δεῖς]
1331 2515 1475 2557 Intell.
1498 2512 1736 2566 διεγένετο.

1227 2573 1279 2615 Ρ
1315 2571 1387 2615 33.
1449 2571 1664 2621 τοιοῦτος
1712 2568 1984 2626 φανοῦμαι]

1169 2629 1422 2672 Pronomen
1481 2628 1697 2677 τοιοῦτος
1743 2627 1987 2694 explicatur

1170 2685 1328 2728 deinde
1375 2685 1550 2728 verbis·
1601 2679 1756 2729 οὐδενὶ
1795 2681 1986 2728 πώποτε

1171 2739 1466 2802 ξυγχωρήσας
1495 2737 1633 2786 οὕδεν
1673 2737 1805 2801 παρὰ
1831 2737 1885 2786 τὸ
1915 2740 1983 2786 δί-

1170 2815 1319 2844 καιου.

1227 2853 1368 2911 ἐμοὺς
1395 2851 1616 2912 μαθητὰς
1653 2851 1800 2911 εἶναι]
1843 2855 1982 2898 Intel-

1167 2912 1371 2970 liguntur
1414 2915 1609 2958 maxime
1645 2912 1898 2958 Alcibiades
1934 2916 1980 2957 et

1165 2971 1354 3024 Critias,
1393 2986 1580 3026 quorum
1611 2971 1720 3015 vitia
1755 2987 1781 3014 e
1818 2973 1982 3014 Socra-

1166 3028 1254 3071 tica
1275 3029 1506 3083 disciplina
1531 3034 1627 3072 orta
1651 3042 1746 3070 esse
1779 3029 1982 3077 ferebam·

1164 3090 1250 3128 tur.
1273 3100 1315 3129 v.
1342 3086 1595 3142 Xenoph.
1620 3086 1756 3129 Mem.
1779 3085 1815 3127 Ι.
1838 3083 1892 3137 2,
1921 3083 1978 3126 12

1162 3157 1262 3244 “123
1289 3199 1341 3244 δέ
1367 3215 1437 3250 τις
1462 3223 1492 3234 -
1520 3194 1744 3268 ἐπιθυμεῖ
1750 3193 1977 3307 ακούεινέ

1160 3258 1295 3299 Vocat
1309 3258 1511 3301 Socrates
1526 3251 1585 3299 τοὶ
1598 3253 1769 3299 ἑαυτου
1785 3255 1829 3297 id
1859 3269 1946 3309 quo

1156 3314 1243 3356 sibi
1271 3315 1328 3357 ab
1357 3313 1562 3370 Apolline
1594 3312 1862 3368 imperatum
1880 3325 1977 3354 esse

274 3366 638 3411 offentliche
683 3368 919 3411 Aemter
956 3381 1088 3410 ver-
1153 3370 1409 3423 dictitabat,
1453 3376 1503 3412 ut
1531 3370 1766 3412 hominum
1801 3382 1976 3413 errores

271 3422 508 3471 waltete
584 3424 692 3472 und
755 3424 852 3472 bei
919 3424 1085 3473 ihrer
1152 3428 1432 3476 connumeret
1462 3432 1506 3474 et
1535 3427 1805 3487 castigaret,
1832 3425 1973 3472 cives-
