2040 3646
260 149 332 206 98
912 138 1274 193 PLA'roms

433 279 594 358 Cap.
610 275 778 336 XXI.
867 275 984 333 Καὶ
1017 274 1156 354 μην,
1212 300 1256 335 ω
1283 277 1409 354 φίλε
1434 274 1706 355 Ἀγάθων,
1760 281 1941 348 καλῶς

266 386 360 443 μοι
380 360 567 433 ἔδοξας
593 357 1025 439 καθηγήσασθαι
1049 365 1154 420 τοῦ
1187 361 1390 440 λόγου,
1432 362 1633 440 λέγων,
1676 357 1760 424 ὅτι
1789 365 1940 438 πρῶ-

265 469 362 508 τον
393 447 490 523 μὲν
524 444 641 504 δέοι
683 441 857 504 αὐτὸν
889 442 1144 549 ἐπιδεῖξαι
1177 443 1370 550 ὁποῖός
1390 446 1483 518 τίς
1511 443 1707 505 ἐστιν
1679 467 1712 504 ο
1743 443 1940 520 Ἔρως,

265 528 501 609 ὕστερον
524 530 582 588 δε
605 525 672 588 τὰ
698 529 825 607 ε’ργα
847 525 1042 588 αὐτοῦ.
1086 527 1405 634 ταύτηντὴν
1429 528 1634 614 αρχὴν
1628 528 1778 589 πάνυ
1805 527 1942 607 α’γα-

267 640 380 694 μαι.
422 617 509 676 ἴθι
529 603 636 673 οὐν
657 636 751 690 μοι
775 614 898 690 περὶ
905 610 1182 691 Ἔρωτος,
1224 611 1409 694 ἐπειὸὴ
1443 618 1536 674 καὶ
1569 605 1739 681 τᾶλλα
1763 616 1945 684 καλῶς

186 713 245 767 D
269 702 362 761 καὶ
384 702 803 778 μεγαλοπρεπῶς
826 701 1055 777 διῆλθες
1078 696 1194 770 οἰός
1222 699 1359 771 ἐστι,
1399 701 1493 758 καὶ
1509 698 1633 759 τόδε
1660 698 1789 758 εἰπέ·
1836 696 1961 757 πό-.

267 784 426 863 τερόν
461 784 571 843 ἐστι
593 787 876 855 τοιοῦτος,
933 790 1051 855 octog
1086 778 1225 842 εἷναί
1252 806 1400 855 τινος
1432 781 1479 887 ὁἼ
1477 782 1658 862 Ἔρως
1692 784 1854 859 ε’ρως,
1904 777 1943 860 ἢ

261 868 522 941 οὐδενός,·
563 867 742 947 ἐρωτῶ
773 865 821 926 6³
840 865 965 940 οὐκ,
1007 868 1056 926 εί
1077 867 1282 948 μητρός
1293 864 1491 948 τινοςῆ
1504 865 1711 943 πατρός
1733 868 1843 926 ἐστι
1857 900 1941 909 —-

260 960 476 1058 γελοῖον
498 950 601 1032 γὰρ
626 949 695 1013 liv
727 953 810 1031 εἴη
831 948 895 1010 τὸ
919 950 1192 1032 ἐρώτημα,
1246 955 1293 1012 εἰ
1304 951 1486 1057 Ἔρως
1516 953 1708 1012 ἐστὶν”
1671 975 1812 1030 ερως
1835 973 1942 1030 μη-

260 1038 396 1119 τρός
417 1035 456 1118 ἢ
481 1036 693 1122 πατρός
715 1071 801 1081 -
825 1033 942 1094 αλλ’
965 1033 1189 1115 ὥςπερἼ
1164 1035 1233 1096 αἰ)
1257 1038 1306 1096 εἰ
1329 1034 1468 1096 αὐτὸ
1491 1042 1677 1109 τοῦτο,
1720 1036 1943 1112 πατέρα,

262 1123 517 1205 ἥρω’των,
561 1123 669 1200 ἀρα
708 1119 741 1181 6
766 1119 946 1200 πατήρ
987 1121 1098 1180 ἐστι
1131 1121 1312 1201 πατηρ
1344 1144 1522 1195 τινος,
1576 1117 1614 1201 ἢ
1652 1118 1761 1189 οὕς
1801 1116 1946 1191 εἶπες

264 1207 335 1269 ὃὶν
369 1207 557 1288 δήπου
592 1229 719 1283 μοι,
787 1206 835 1263 εἰ
876 1203 1117 1281 ἐβούλου
1151 1211 1332 1278 καλῶς
1370 1204 1807 1312 ἀποκρίνασθαι,
1861 1200 1946 1262 ὅτι,

266 1294 408 1353 ἐστιν
431 1291 584 1363 υἱέος
604 1314 662 1369 γε
687 1286 725 1370 ἢ
747 1286 1028 1367 θυγατρὸς
1057 1288 1090 1349 6
1115 1288 1299 1373 πατὴρ
1315 1289 1510 1370 πατηρ·
1553 1287 1596 1369 ἢ
1615 1287 1721 1358 01⁹5,-
1777 1288 1947 1348 Πάνυ

192 1383 246 1440 Ε
265 1401 355 1458 γε,
399 1374 574 1455 φάναι
599 1373 696 1434 τὸν
715 1372 1012 1452 Ἀγάθωνα.
1106 1372 1376 1434 Ου’,κουν
1360 1377 1454 1434 καὶ
1491 1373 1528 1455 ἡ
1563 1373 1739 1455 μήτηρ
1765 1371 1946 1446 ωςαύ-

266 1484 404 1534 τως,·
432 1503 434 1507 -
480 1457 853 1538 Ομολογῆσαι
877 1459 972 1517 καὶ
995 1464 1178 1518 τοῦτο.
1249 1456 1371 1519 ’Ἐτι
1394 1461 1608 1532 τοίνυν,
1651 1462 1818 1518 εἰπεῖν
1850 1480 1948 1516 του

267 1543 570 1623 Σωκρατη,
613 1541 905 1621 ἀπόκριναι
929 1541 1093 1626 ὀλίγω
1119 1545 1313 1618 πλείω,
1357 1548 1445 1604 ἵνα
1470 1549 1681 1621 μᾶλλον
1703 1566 1947 1620 καταιια-

266 1638 403 1734 θῇς
423 1627 455 1688 6
498 1626 786 1705 βούλομαι.
853 1628 901 1687 εἰ
933 1651 1044 1736 γαρ
1074 1628 1295 1708 ἐροίμην
1386 1630 1456 1687 Τί
1504 1630 1626 1696 δαίς
1659 1626 1946 1734 Ἴαδελφός,

269 1711 408 1775 αὐτὸ
430 1718 597 1772 τοῦτο
638 1710 772 1788 ὅπερ
801 1711 970 1785 ἐστιν,
1013 1714 1124 1772 ε’στι
1153 1711 1302 1786 τινὸς
1337 1711 1464 1772 αδελ
1451 1713 1603 1791 φός,
1645 1709 1688 1793 ἢ
1714 1710 1821 1780 ου’,·
1863 1747 1946 1756 -

273 1798 454 1861 Φαναι
487 1804 637 1858 εἰναι.
733 1793 963 1858 Οὔκουν
998 1795 1249 1877 αδελφοῦ
1284 1795 1320 1878 ἢ
1356 1797 1637 1880 eidemq&
1712 1795 1950 1875 Ομολο-

327 2011 432 2108 Gap.
453 2050 572 2093 XXI.
632 2044 753 2094 εἷναί
778 2065 905 2102 τινος
935 2045 961 2095 6
984 2047 1134 2109 Ἔρως
1164 2047 1302 2109 ἔρως]
1344 2050 1419 2094 Sic
1445 2050 1574 2095 Bodl.
1611 2050 1699 2092 duo
1731 2047 1947 2093 Vindobb.

268 2109 420 2177 Vulgo
453 2102 608 2166 ἔρως
585 2123 610 2151 ο
618 2103 784 2180 ”Ερως.

325 2161 581 2224 ἀπόκριναι
606 2158 741 2224 ὀλίγῳ
767 2163 935 2219 πλείω]
977 2164 1053 2208 Sic
1075 2164 1335 2211 Bod1.Vett.
1360 2164 1481 2208 editt.
1506 2158 1636 2220 ὀλίγα
1659 2162 1812 2207 πλείω.

286 2304 431 2375 Gap.
455 2303 576 2348 xxl.
605 2305 661 2348 D.
692 2304 737 2349 εἰ
753 2297 870 2349 αυτό
892 2304 1077 2349 τοῦτο-

266 2357 509 2430 ἦρώτων-
545 2358 668 2411 εἶπες
701 2357 758 2406 ἂν
784 2360 967 2418 δήπου]
1010 2363 1077 2405 De

268 2419 434 2462 aoristo
486 2420 723 2461 verborum
768 2419 1077 2474 loquendi,

266 2475 680 2531 respondendi,
750 2475 1078 2531 quaerendi

267 2532 316 2575 in
336 2532 552 2576 sententia
574 2531 859 2575 conditionali
883 2533 945 2576 sic
976 2546 1077 2575 cum

268 2588 527 2645 imperfecto
554 2589 803 2632 consociato
835 2604 876 2632 v.
905 2589 1078 2658 Euthy-

267 2646 427 2714 phron.
460 2660 502 2700 p.
523 2644 591 2688 12.
618 2647 673 2688 D.
723 2646 768 2689 εἰ
791 2662 875 2714 μεν
905 2639 990 2690 οὖν
1019 2643 1074 2689 σύ

269 2717 327 2757 με
336 2697 575 2770 ᾔρώτας-
595 2699 727 2746 εἶπον
747 2697 805 2746 ὂὶν
826 2697 900 2747 ότι
920 2720 960 2747 κ.
979 2719 1017 2745 τ.
1036 2705 1074 2746 λ.

268 2759 350 2802 ubi
371 2759 562 2814 plurima
583 2760 780 2815 exempla
803 2761 937 2802 huius
962 2765 1077 2802 stru-

269 2822 422 2858 cturae
442 2817 806 2871 comparavimus.
864 2816 1078 2859 Videlicet

267 2871 575 2927 imperfectum
621 2873 787 2917 indicat
833 2872 903 2926 id,
959 2874 1077 2928 quod

269 2942 416 2971 nunc
442 2929 591 2980 fieret,
630 2930 667 2972 si
698 2930 843 2973 fieret.
885 2930 1002 2973 aori
990 2935 1075 2972 tus

269 2989 420 3028 autem
465 2961 687 3041 signilicat
729 3001 824 3028 rem
871 2987 933 3030 ita
980 3001 1074 3029 esse

269 3041 591 3108 comparatam,
630 3048 681 3085 ut
700 3058 725 3085 e
747 3042 937 3099 vestigio
964 3058 1066 3113 pos-

269 3097 328 3140 sit
353 3099 505 3154 perfici
540 3105 583 3141 et
606 3100 792 3143 absolvi.
839 3123 868 3132 —
926 3095 1070 3144 αὐτὸ

269 3157 474 3223 τοῦτο,
498 3155 758 3224 πατέρα,
789 3156 834 3198 h.
865 3171 903 3200 c.
934 3155 1072 3200 πατέ-

268 3226 353 3269 ρα,
399 3207 514 3255 αὐτὸ
545 3214 680 3258 τοῦτο
704 3209 815 3271 ὅπερ
841 3211 986 3267 εστιν,
1023 3219 1074 3257 ut

265 3280 368 3310 mox
393 3269 602 3324 loquitur.
659 3271 763 3312 Vult
781 3276 930 3313 autem
950 3271 1074 3327 cogi-

265 3324 354 3366 tari
389 3327 442 3367 de
482 3327 616 3381 patris
654 3327 855 3379 notione,
895 3330 1071 3382 qualem

263 3385 410 3425 mente
439 3381 721 3428 informatam
753 3383 986 3430 habemus.

412 3564 426 3610 ,²

1197 2306 1268 2348 E:
1282 2297 1469 2348 Οὔκουν
1488 2298 1614 2346 καὶ
1587 2320 1614 2359 η
1635 2299 1784 2362 μήτηρ
1806 2297 1951 2354 ωςαῦ-

1141 2378 1254 2414 τως,·
1264 2363 1302 2432 ]
1315 2363 1349 2404 Ι.
1375 2376 1413 2404 e
1436 2356 1608 2404 οὔκουν
1635 2359 1840 2420 καὶπερὶ
1863 2356 1950 2418 μή·

1142 2415 1250 2479 πρὸς
1269 2415 1483 2470 ωςαύτως
1503 2417 1615 2474 ἔχεις

1201 2532 1245 2576 εἰ
1257 2527 1343 2590 ’γὰρ
1366 2528 1599 2590 ἕροίμην-
1625 2525 1654 2587 ἢ
1678 2527 1905 2585 οἰδελφῆςς
1924 2528 1944 2585 ]

1144 2589 1319 2632 Omissa
1346 2596 1412 2631 est
1433 2587 1660 2644 apodosiS,
1697 2587 1813 2643 quod
1847 2591 1966 2642 post*

1141 2646 1381 2688 sententias
1428 2645 1722 2688 conditionem
1751 2644 1948 2698 aliquam

1139 2703 1380 2746 indicantes
1408 2703 1524 2756 apud
1546 2701 1733 2756 optimos
1752 2715 1948 2756 quosque

1141 2760 1377 2827 scriptores
1418 2773 1505 2800 non
1547 2773 1649 2801 raro
1686 2759 1782 2800 fieri
1819 2758 1946 2810 solet,

1140 2817 1374 2884 min-imum
1405 2820 1553 2858 autem
1587 2816 1724 2858 habet
1741 2813 1948 2858 offensio-

1141 2873 1209 2916 nis
1227 2873 1273 2915 in
1295 2872 1504 2915 familiari
1522 2873 1758 2927 colloquio.
1809 2873 1947 2914 Pror-

1142 2945 1214 2972 sus
1235 2930 1298 2973 sic
1315 2930 1429 2972 infra
1454 2944 1494 2984 p.
1518 2929 1617 2972 204.
1639 2931 1693 2971 1).
1725 2944 1764 2971 c.
1787 2927 1944 2974 xxlv.

1141 2987 1237 3030 init.
1253 2986 1332 3029 ubi
1354 2991 1450 3042 post
1466 2986 1509 3030 εἰ
1527 2984 1578 3030 δέ
1599 3002 1669 3035 τις
1690 2981 1812 3041 ἡμᾶς
1825 2983 1945 3052 ἔροι-

1140 3060 1249 3088 το-
1275 3059 1368 3087 των
1389 3044 1540 3086 καλῶν
1563 3043 1610 3086 τί
1631 3042 1738 3102 ἐρᾷ;
1777 3041 1945 3085 intelli-

1141 3114 1246 3158 gas·
1277 3101 1325 3143 τί
1343 3094 1402 3143 ἂν
1426 3101 1589 3156 φαίης,·
1632 3115 1673 3142 v.
1704 3100 1942 3154 Gregor.

1140 3157 1396 3200 Corinth.
1519 3156 1575 3199 47
1606 3171 1698 3212 sqq.
1755 3157 1792 3198 I
1805 3157 1943 3199 amb.
1963 3189 1965 3191 .

1138 3215 1262 3257 Bos,
1312 3213 1365 3256 de
1400 3173 1556 3268 ElplipS.
1625 3213 1765 3256 .803.
1803 3212 1943 3267 intpp.

1138 3271 1195 3314 ad
1214 3229 1944 3340 Aristoph.P1ut.v.468.1ntol-

1136 3327 1280 3386 ligere
1303 3327 1465 3384 possis.
1508 3326 1651 3384 φαίης
1675 3321 1749 3380 ἄν,
1774 3321 1807 3382 ἢ
1826 3323 1914 3377 οὕς
