2040 3646
166 860 193 887 ⁹
262 894 756 975 ADDENDA
801 919 883 965 m
940 876 1642 1019 eoRm'GENDA.

126 1340 315 1384 Pmerat.
336 1355 378 1395 Ρ.
406 1340 524 1382 XXI.
549 1353 658 1383 vers.
681 1339 722 1383 5.
750 1339 826 1383 inf.
857 1340 958 1398 lege
986 1357 1014 1397 p
1025 1355 1051 1384 o
1065 1356 1084 1384 s
1095 1356 1114 1384 s
1127 1341 1179 1384 in
1193 1345 1211 1385 t
1237 1355 1316 1398 pro
1344 1358 1373 1399 Ρ
1384 1357 1410 1386 o
1422 1358 1442 1386 s
1453 1357 1472 1386 s
1483 1341 1500 1386 i
1510 1347 1542 1387 t.

125 1404 312 1476 Apolog.
347 1417 516 1461 Socrat.
554 1433 595 1474 Ρ.
619 1418 688 1463 11.
720 1425 871 1462 annot.
902 1433 944 1462 v.
964 1419 1034 1464 13.
1070 1419 1146 1462 inf.
1179 1420 1268 1477 leg.
1299 1435 1324 1463 c
1335 1435 1361 1465 o
1371 1435 1399 1463 n
1411 1438 1430 1464 s
1443 1426 1460 1466 t
1471 1425 1526 1465 et
1552 1434 1632 1478 pro
1660 1435 1685 1465 c
1695 1435 1722 1466 o
1732 1435 1761 1465 n
1772 1445 1793 1456 -

729 1510 749 1539 s
759 1500 776 1540 t
788 1511 814 1539 a
825 1501 856 1539 t.
1770 1514 1771 1517 ¹

206 1596 264 1605 --
373 1597 428 1606 —
540 1588 581 1629 Ρ.
604 1572 673 1616 47.
699 1578 804 1617 text.
831 1589 870 1616 v.
897 1571 937 1617 8.
962 1575 1051 1631 leg.
1074 1564 1337 1634 ἀπόκριναι.

207 1673 264 1684 —
376 1675 433 1682 —-
545 1665 588 1706 Ρ.
608 1650 677 1695 79.
706 1657 853 1696 annot.
879 1666 919 1696 v.
941 1650 982 1695 5.
1013 1652 1091 1694 inf.
1114 1653 1202 1709 leg.
1233 1654 1683 1698 affectaverunt.

127 1746 298 1792 Criton.
329 1763 370 1803 p.
391 1747 489 1790 109.
513 1752 659 1791 annot.
681 1763 722 1792 v,
743 1749 783 1792 6.
809 1749 883 1792 inf.
909 1750 998 1806 leg.
1029 1749 1379 1807 indigemus

209 1850 267 1858 —
322 1841 364 1882 Ρ.
391 1824 486 1867 118.
514 1831 661 1868 annot.
681 1841 722 1868 v.
748 1827 826 1868 ult.
855 1827 943 1882 leg.
975 1826 1161 1870 liceat.

211 1926 269 1936 -
324 1918 367 1958 p.
393 1901 491 1944 121.
513 1906 689 1945 annnot.
712 1917 751 1945 v.
774 1903 842 1946 12.
872 1902 948 1947 inf.
985 1905 1075 1961 leg.
1106 1904 1330 1950 Similis
1357 1906 1506 1951 ratio
1537 1907 1624 1948 est
1650 1904 1794 1947 deleto

356 1961 358 1964 V
541 1978 647 2021 Sic.

210 2082 268 2090 —
322 2071 365 2113 Ρ.
386 2053 483 2099 135.
524 2060 670 2098 annot.
700 2056 796 2099 crit.
841 2072 882 2102 v.
911 2058 960 2102 3.
984 2062 1082 2114 post
1122 2058 1178 2101 in
1215 2060 1374 2104 nullo
1412 2073 1474 2103 eo
1488 2059 1530 2102 d.
1557 2072 1648 2102 ms.
1683 2057 1796 2102 adde

541 2134 681 2176 verba
710 2138 944 2189 praeter
964 2135 1149 2178 venet.
1187 2135 1240 2184 Ξ.

40 2258 48 2265 ·
124 2234 350 2280 Phaedon.
379 2247 421 2289 Ρ.
442 2230 540 2275 106.
579 2234 725 2274 annot.
764 2245 804 2273 v.
840 2231 919 2275 ult.
950 2232 1046 2274 dele
1084 2227 1200 2277 οὐδ’.
1256 2233 1363 2276 Vide
1390 2237 1538 2277 autem
1571 2246 1628 2275 ne
1656 2233 1796 2275 verba

457 2303 576 2363 ἄλλῳ
600 2302 630 2362 ἢ
647 2307 714 2366 τῷ
738 2309 993 2362 φιλομαθεῖ
1010 2324 1088 2364 per
1112 2310 1445 2355 redundantiam
1473 2311 1690 2366 quandam
1718 2309 1796 2352 ad-

455 2385 548 2428 dita
568 2384 676 2437 sint,
705 2385 880 2439 qualem
894 2386 988 2427 fere
1008 2388 1333 2432 observavimus
1352 2389 1407 2432 ad
1430 2388 1595 2431 Criton.
1630 2402 1672 2442 Ρ.
1696 2385 1794 2429 109.

459 2464 586 2518 Quae
608 2462 785 2519 quidem
818 2464 1031 2506 sententia
1060 2465 1228 2519 placuit
1253 2464 1608 2509 Doederlino
1636 2464 1692 2508 ad
1714 2464 1797 2508 So-

460 2539 606 2595 phocl.
631 2538 784 2594 oedip.
811 2536 906 2581 col.
935 2555 975 2595 Ρ.
999 2540 1097 2584 313.

210 2642 266 2652 --
376 2631 419 2673 Ρ.
442 2615 541 2658 107.
565 2621 711 2659 annot.
733 2630 772 2657 v.
796 2616 865 2658 12.
887 2615 962 2658 inf.
983 2618 1085 2674 lege
1112 2616 1250 2661 item
1277 2634 1356 2676 pro
1383 2619 1541 2662 idom.

214 2718 268 2728 -
379 2709 423 2750 Ρ.
447 2692 543 2737 118.
569 2696 670 2735 text.
701 2707 741 2735 v.
765 2692 832 2734 11.
864 2694 992 2739 tollas
1015 2708 1188 2739 comma
1218 2702 1316 2752 post
1348 2694 1573 2742 τοιούτων
1593 2695 1732 2739 τινῶν
1752 2696 1796 2737 et

457 2774 554 2826 post
580 2768 657 2813 καὶ
676 2764 818 2827 ὑγροῦ
840 2769 1104 2827 interponas.

211 2871 270 2884 -—
380 2862 424 2903 Ρ.
452 2845 548 2888 157.
583 2851 685 2889 text.
719 2862 762 2888 v.
794 2847 863 2894 11.
896 2852 994 2903 post
1023 2848 1251 2906 περαίνων
1281 2850 1542 2894 servandum
1566 2850 1659 2891 erat
1686 2861 1798 2904 pun-

457 2927 590 2966 ctum.
645 2924 857 2966 Videlicet
892 2925 969 2980 qui
999 2926 1126 2968 dicit:
1192 2921 1278 2969 οὐκ
1319 2922 1376 2969 ἂν
1412 2923 1618 2982 φθάνοις
1656 2925 1795 2969 τοῦτο

459 3001 634 3055 ποιῶνη
692 3002 761 3043 du
800 3003 1057 3045 diirftest
1096 3003 1255 3048 nicht
1293 3018 1357 3047 zu
1395 3003 1523 3046 sriih
1549 3002 1798 3045 kommen

463 3077 663 3129 damit3
691 3078 731 3120 is
762 3079 950 3122 alterum
979 3080 1102 3122 iubet
1125 3080 1352 3122 confestim
1376 3082 1519 3122 facere
1543 3078 1602 3134 id,
1633 3079 1687 3120 de
1710 3092 1797 3132 quo

464 3167 608 3197 sermo
632 3160 720 3207 est,
748 3169 890 3210 neque
917 3155 1167 3211 indigemus
1186 3156 1543 3213 interrogatione.
1579 3169 1624 3199 v.
1657 3155 1801 3198 Her-

463 3243 640 3273 mann.
672 3232 728 3274 ad
753 3232 900 3288 Viget.
925 3246 966 3288 p.
992 3231 1091 3275 ⁷46.

214 3331 269 3340 —
382 3321 424 3363 Ρ.
446 3306 546 3349 160.
583 3311 684 3350 text.
716 3323 755 3352 v.
781 3309 823 3352 3.
861 3308 938 3353 inf.
971 3312 1069 3365 poet
1095 3305 1147 3354 τὸ
1177 3303 1419 3366 λεγόμενον
1447 3309 1555 3354 tone
1578 3310 1803 3367 inter-pun·

467 3383 668 3427 ctionem.
