2040 3646
253 186 291 248 4
745 237 747 241 Α
886 160 1294 250 Pam-Ano

417 316 528 363 Post
557 317 651 359 eins
671 317 861 358 mortem
887 318 1037 358 autem
1058 312 1304 372 Xenophon
1336 316 1380 358 et
1397 315 1555 368 Plato,
1603 318 1848 361 consulturi
1875 319 1940 362 sn-

255 402 356 435 mae
381 395 428 433 et
453 385 768 432 existimationi
791 384 1113 442 praeceptoris,
1163 392 1504 442 composuerunt
1534 383 1751 430 eiusmodi
1777 389 1944 431 oratio-

256 477 358 517 nes,
401 460 552 515 quales
580 459 783 500 Socrates
817 457 1051 500 habiturus
1086 457 1220 499 fuisse
1254 456 1362 512 ipsis
1390 457 1646 510 videbatur,
1676 459 1715 500 si
1741 458 1944 502 iudiciali

255 531 428 575 dicendi
449 543 613 589 genere
633 527 701 570 uti
723 527 953 570 voluisset.
1025 528 1083 570 Et
1111 528 1449 583 Xenophontem
1487 528 1665 582 quidem
1690 543 1806 571 nune
1836 530 1945 572 mis-

253 618 356 647 sum
376 593 602 655 faciamus,
632 599 688 641 de
711 599 837 640 euius
850 598 969 658 libro
989 598 1117 647 varia
1138 603 1240 642 sunt
1260 597 1494 639 hominum
1518 599 1747 641 doctorum
1763 599 1942 642 iudicia.

253 674 489 717 Platonem
507 674 659 714 autem
689 656 1028 713 arbitramur-in
1060 684 1137 723 ea,
1167 683 1300 725 quam
1328 657 1526 724 sci-ipsit,
1558 669 1766 725 apologia
1786 669 1947 730 Socra-

256 743 392 786 ticam
423 739 664 785 disserendi
698 741 916 784 rationem
944 754 1047 781 eum
1081 740 1274 783 dictione
1307 739 1471 782 forensi
1504 740 1567 782 ita
1600 739 1870 796 coniungere
1902 744 1947 784 et

254 813 385 870 quasi
398 814 608 868 copulare
630 811 865 864 studuisse,
893 814 945 853 ut
964 824 1108 866 neque
1129 812 1360 854 affectatus
1383 805 1597 857 erationis
1616 814 1808 863 ornatus,
1824 825 1949 867 ,qua-

252 885 312 928 lis
332 899 360 930 u.
381 883 575 931 Socratis
597 897 782 938 persona
802 882 973 925 alienus
996 882 1245 935 videretur,
1287 891 1553 937 quemquam
1573 880 1840 934 offenderet,
1868 895 1950 942 ne-

257 970 344 1011 que
362 954 592 1012 ingenium
614 959 659 997 et
678 964 824 996 mores
845 952 931 995 viri
956 941 1239 1005 sanctissimi,
1270 967 1400 1008 quem
1422 951 1654 994 defendere
1674 940 1949 1005 instituisset,

255 1026 353 1068 ulla
379 1023 552 1068 ratione
580 1025 935 1070 obscurarentur.
992 1023 1147 1078 Itaque
1176 1023 1255 1065 ille
1298 1023 1343 1064 in
1377 1021 1463 1064 hoc
1500 1020 1616 1065 libro
1647 1020 1794 1066 vivam
1819 1022 1949 1078 quasi

255 1093 499 1152 imaginem
520 1087 958 1150 quandamsocratis
978 1103 1128 1136 coram
1154 1089 1376 1136 iudicibus
1405 1102 1584 1136 causam
1612 1106 1738 1136 suum
1761 1089 1947 1136 dicentis

257 1166 461 1210 exhibuit
489 1171 532 1209 et
553 1169 654 1208 ante
676 1165 827 1210 oculos
851 1163 1021 1220 posuit,
1051 1178 1138 1220 quo
1162 1160 1337 1206 facilius
1355 1163 1696 1220 intelligeretur,
1725 1167 1820 1206 tum
1840 1178 1948 1220 qua—

255 1235 347 1281 lem
368 1237 481 1280 sein
503 1241 700 1284 extrema
734 1233 851 1277 vitae
881 1233 1133 1277 calamitate
1167 1235 1457 1290 praestitisset
1485 1236 1556 1277 vir
1584 1234 1948 1290 sapientissimus,

256 1318 391 1365 quern
422 1308 605 1351 fortasse
643 1304 818 1348 fuerant
846 1304 924 1359 qui
956 1309 1135 1361 propter
1155 1305 1330 1361 'ingenii
1358 1305 1680 1349 conturna-cim
1712 1310 1756 1349 et
1784 1306 1952 1348 oratio-

255 1379 327 1423 nis
353 1378 640 1432 acerbitatem
659 1375 820 1417 merito
852 1374 1109 1418 'damnatum
1135 1390 1231 1418 esse
1261 1376 1539 1429 dictitarent,
1578 1379 1674 1419 tum
1705 1390 1757 1418 ex
1784 1376 1948 1431 quibus

254 1449 397 1494 initiis
417 1453 460 1492 et
481 1447 625 1491 causis
646 1447 871 1503 profectae
893 1451 1037 1488 essent
1057 1446 1164 1488 illae
1190 1446 1544 1500 criminationes,
1574 1461 1687 1502 quae
1706 1450 1878 1490 tantum
1899 1447 1947 1490 in

257 1528 362 1564 'eum
395 1520 687 1563 concitassent
715 1517 867 1560 odium
893 1517 1213 1571 multitudinis,
1256 1521 1305 1561 ut
1340 1518 1520 1560 tandem
1548 1515 1712 1561 iniuste
1743 1531 1769 1560 e
1799 1518 1948 1570 medio

253 1592 497 1637 tolleretur.
1687 1645 1690 1646 ⁷

419 1663 574 1706 Habes
597 1658 861 1703 sententium
882 1667 1031 1702 meam
1052 1658 1106 1702 de
1129 1662 1392 1718 argumento
1415 1662 1462 1703 ¹et
1484 1658 1668 1702 consilio
1688 1658 1824 1702 huius
1845 1673 1948 1703 oras-

255 1731 403 1778 tioniS.
456 1733 589 1788 'Quae
621 1731 660 1773 si
693 1746 798 1775 vera
823 1735 912 1784 est,
953 1743 1109 1788 nem0,
1150 1732 1326 1788 opinor,
1360 1730 1628 1782 mirabitur,
1667 1732 1784 1786 quod
1817 1732 1946 1774 Plato

255 1811 351 1847 non
375 1811 474 1846 eam
490 1834 505 1858 ,
543 1815 676 1858 quam
698 1803 826 1857 alias,
856 1804 1100 1845 'verborum
1131 1803 1534 1857 sententiarumque
1551 1802 1871 1844 sublimitatem
1898 1802 1948 1845 in

255 1875 344 1920 hoc
359 1874 478 1917 libro
506 1871 724 1923 adhibuit.
780 1874 896 1917 Nam
917 1883 1052 1929 quum
1078 1874 1306 1917 Socratem
1331 1873 1396 1916 ita
1419 1873 1597 1915 demum
1616 1872 1703 1914 sibi
1724 1872 1949 1915 videretur

254 1949 377 1988 reete
398 1945 654 1999 defendere,
694 1944 732 1989 si
762 1944 916 1997 illum,
955 1943 1101 1998 qualis
1128 1944 1175 1986 in
1201 1944 1295 1988 vita
1322 1945 1496 1997 fuerat,
1535 1944 1671 1987 talem
1698 1943 1746 1986 in
1778 1942 1946 1986 indicio

255 2015 478 2058 dicentem
502 2015 692 2068 faceret,
734 2026 822 2058 non
855 2014 1024 2058 licebat
1051 2014 1094 2056 ei
1125 2014 1347 2058 arbitratu
1366 2028 1446 2058 suo
1468 2027 1623 2071 agere,
1660 2014 1734 2056 sed
1756 2014 1946 2058 debebat

254 2086 428 2138 videre,
456 2085 562 2140 quid
582 2085 778 2129 Socratis
800 2082 980 2142 ingenio
1004 2090 1049 2128 et
1066 2085 1267 2128 moribus
1294 2086 1548 2129 conveniret
1579 2090 1623 2128 et
1649 2085 1755 2140 quid
1774 2085 1862 2128 loci
1889 2099 1943 2129 ae

257 2156 470 2213 'temporis
506 2155 751 2199 rationibus
790 2147 905 2199 esset
942 2157 1335 2200 accommodatum.
1404 2157 1626 2212 Quocirca
1659 2157 1799 2199 fateor
1829 2157 1946 2200 mihi

257 2242 483 2283 nunquam
517 2227 809 2280 satisfecisse,
851 2241 963 2282 quae
1000 2228 1220 2281 Astius,
1254 2227 1324 2271 vir
1357 2227 1703 2280 celeberrimus,
1745 2232 1796 2270 ut
1824 2228 1942 2270 hanc

258 2296 556 2341 defensionem
579 2312 667 2340 non
688 2312 715 2360 a
731 2297 937 2350 Platone,
967 2298 1043 2340 sed
1066 2310 1094 2342 a
1121 2299 1296 2341 rhetore
1322 2299 1472 2340 neseio
1501 2313 1587 2353 quo
1614 2298 1824 2353 scriptam
1848 2313 1944 2341 esse

257 2371 454 2421 doceret,
473 2369 530 2411 'in
554 2369 758 2413 Beckii
782 2369 1076 2411 commentar.
1100 2369 1304 2413 Societat.
1335 2369 1453 2412 Phil.
1473 2369 1591 2425 Lips.
1615 2369 1713 2412 vol.
1737 2370 1807 2413 IV.
1834 2371 1885 2412 P.
1902 2370 1938 2411 I.

255 2453 300 2497 p.
323 2439 381 2482 27
397 2453 489 2494 sqq.
512 2444 555 2482 et
575 2439 625 2482 in
644 2450 776 2495 opere
804 2439 1057 2494 ceteroquin
1078 2440 1294 2497 elegantis
1318 2439 1542 2482 doetrinae
1563 2439 1849 2482 refertissimo
1875 2441 1939 2483 de

255 2509 383 2553 vita
411 2514 461 2552 et«
488 2510 738 2566 Scriptis
768 2509 1036 2553 Platonis
1065 2523 1108 2566 p.
1134 2510 1217 2553 474
1244 2525 1336 2565 sqq.
1369 2509 1628 2566 disputavit,
1660 2515 1792 2565 atque
1816 2515 1939 2557 recte

255 2581 300 2624 ei
334 2581 541 2623 videntur
580 2580 936 2628 adversatiesse
973 2581 1058 2634 Fr.
1111 2581 1316 2624 Thiers
1329 2579 1490 2622 chius
1528 2580 1576 2623 in
1601 2581 1767 2626 ,AnnaL
1799 2582 1938 2629 Liter.

255 2650 500 2694 vindobon.
524 2665 565 2694 a.
585 2650 709 2693 1818.
733 2652 851 2701 Part,
863 2649 944 2694 111.
959 2683 972 2704 ‚
1000 2648 1048 2697 C.
1072 2652 1126 2695 G.
1150 2651 1462 2707 Koeuigius
1489 2650 1537 2694 in
1558 2651 1797 2708 scriptione
1808 2654 1941 2696 seho-

255 2711 482 2765 lasticaa.
513 2721 639 2763 1822.
671 2720 870 2764 Misenae
895 2722 1032 2775 edita,
1075 2723 1370 2777 Socherus
1411 2722 1458 2764 in
1493 2722 1611 2765 libro
1640 2723 1703 2766 de
1731 2724 1862 2768 Vita
1888 2728 1939 2768 et

259 2792 513 2848 Scriptis
545 2791 823 2834 Platonis
851 2807 894 2847 p.
920 2791 978 2834 69
997 2806 1090 2848 sqq.
1120 2798 1163 2836 et
1193 2807 1331 2848 nuper
1359 2793 1937 2839 Schleiermacherus

259 2861 373 2919 Opp.
391 2863 563 2905 Platon.
592 2861 635 2903 in
661 2862 867 2906 German.
891 2863 1101 2906 Convers.
1126 2865 1183 2907 T.
1209 2864 1245 2907 I.
1266 2865 1316 2906 P.
1336 2864 1397 2907 ΙΙ.
1421 2881 1464 2920 p.
1489 2864 1572 2907 181
1593 2879 1712 2921 sqq.;
1741 2866 1937 2922 quiqui-

257 2933 358 2981 dem
381 2933 539 2975 docere
558 2932 864 2986 instituerunt,
891 2946 1033 2988 neque
1057 2934 1103 2976 in
1124 2936 1256 2977 rebus
1280 2934 1388 2990 ipsis
1402 2966 1415 2988 ‚
1455 2946 1566 2990 quae
1588 2951 1939 2981 commemoran-

256 3008 350 3056 tur,
379 3017 521 3058 neque
544 3002 591 3045 in
613 3003 783 3046 ratione
808 3008 852 3046 et
882 3005 1080 3047 oratione
1104 3005 1237 3048 huius
1258 3005 1507 3062 scriptionis
1539 3006 1776 3062 quiequam
1808 3023 1936 3065 repe-

259 3073 365 3126 riri,
386 3074 503 3129 quod
528 3074 601 3116 vel
621 3086 648 3115 a
674 3073 876 3131 Platonis
899 3074 1078 3131 ingenio
1098 3075 1170 3117 vel
1197 3089 1224 3118 a
1245 3075 1438 3120 Socratis
1455 3091 1643 3133 persona
1667 3079 1936 3132 abhorreat3

256 3143 509 3188 testimonia
527 3148 675 3188 autem
704 3143 986 3206 antiquorum
1010 3145 1300 3203 scriptorum,
1328 3146 1580 3202 Ciceronis,
1616 3147 1820 3207 Dionysii
1838 3151 1934 3195 Ha-

428 3344 476 3387 in
495 3345 776 3391 Bibliotheca
796 3345 890 3391 Vet.
909 3342 1086 3392 Artium
1118 3353 1162 3392 et
1182 3343 1384 3401 ‚Literan
1431 3349 1696 3411 Goettingae
1720 3349 1853 3410 edita,
1877 3355 1932 3399 Τ.

426 3400 464 3449 1.
488 3399 539 3449 Ρ.
562 3404 598 3448 1.
631 3404 1083 3472 p.l--53.etP.v11.
1109 3406 1350 3464 p‚1-6o.
1698 3410 1708 3414 ·
