2040 3646
281 170 423 217 xvnl

281 315 524 357 incuterent
546 323 703 354 eorum
731 301 944 352 invidiam
974 310 1106 364 atque
1133 308 1299 353 odium.
1356 308 1415 352 Et
1443 309 1572 353 Plato
1603 311 1781 368 quidem
1806 311 1965 370 Mega-

280 411 380 441 ram
413 411 461 440 se
493 394 680 439 contulit
706 394 764 437 ad
788 393 1042 446 Euclidem,
1079 393 1156 449 qui
1185 408 1211 437 e
1241 394 1469 438 Socratica
1502 394 1735 453 disciplina
1757 410 1965 456 egressus

279 486 431 540 postea
456 484 610 524 auctor
639 478 864 527 exstiterat
888 492 1028 522 novae
1049 478 1270 532 familiae,
1315 493 1437 535 ‚quae
1462 485 1620 524 vocata
1645 486 1712 525 est
1732 482 1966 540 Megarica

279 567 351 610 vel
369 565 560 608 eristica.
626 565 754 621 Quae
784 579 855 609 res
885 565 1077 613 multum
1102 564 1282 607 ¹videtur
1324 563 1516 608 valuisse
1551 580 1631 618 eo,
1676 570 1725 609 ut
1763 566 1965 610 idearum

278 651 522 694 doctrinam
541 654 705 707 >postea
734 649 880 707 magis
905 648 1134 705 perspicue
1159 649 1399 705 explicaret
1430 654 1475 693 et
1503 649 1678 706 scriptis
1706 650 1963 696 illustraret.

278 738 542 792 Quanquam
569 734 690 778 enim
720 734 928 777 Euclides
963 734 1079 778 miro
1112 735 1269 778 ardore
1297 738 1341 776 et
1371 735 1702 798 perseverantia
1737 737 1968 780 Socratem

275 821 544 879 magistrum
564 825 823 878 prosecutus
842 825 962 873 erat,
1009 824 1157 863 tamen
1186 825 1360 876 postea,
1408 820 1567 863 relicta
1599 820 1695 863 eius
1717 820 1966 877 disciplina,

276 906 551 951 Parmenidis
572 905 736 963 placita
763 905 1022 961 explicanda
1044 910 1087 948 et
1109 905 1378 948 defendenda
1399 905 1487 949 sibi
1509 904 1691 957 sumsit,
1728 906 1862 962 idque
1885 906 1966 959 sic,

276 997 325 1034 ut
345 1006 423 1048 pro
443 1005 567 1034 more
586 990 879 1048 posteriorum
902 989 1203 1033 Eleaticorum
1237 997 1379 1033 artem
1410 990 1693 1034 dialecticam
1719 991 1967 1044 adhiberet,

275 1079 348 1120 vel
371 1077 516 1134 potius
535 1077 616 1120 illa
636 1077 893 1119 abuteretur
904 1076 958 1131 *).
1019 1076 1167 1131 Quare
1188 1075 1320 1118 facile
1338 1080 1404 1118 est
1423 1075 1479 1118 ad
1496 1075 1862 1132 intelligendum,
1889 1075 1969 1131 qui

274 1162 438 1205 factum
463 1161 547 1218 sit,
576 1165 626 1204 ut
650 1160 872 1218 Megarici
893 1160 1205 1217 impugnarent
1229 1160 1427 1204 Platonis
1463 1160 1737 1214 doctrinam,
1776 1166 1826 1204 ut
1852 1175 1968 1217 quae

271 1246 548 1291 Parmenidis
581 1245 745 1303 placita
778 1246 833 1288 de
857 1240 1021 1305 οὐσίᾳ,
1070 1245 1273 1301 quamvis
1302 1260 1515 1302 magnam
1541 1259 1644 1288 cum
1667 1245 1760 1289 illis
1777 1247 1966 1291 haberet

271 1331 607 1378 similitudinem
639 1336 684 1375 et
713 1331 1052 1389 cognationem,
1107 1336 1255 1374 tamen
1287 1337 1537 1387 pervertere
1571 1331 1768 1387 adeoque
1800 1331 1968 1376 erroris

272 1431 516 1474 coarguere
535 1418 775 1460 videretur.
833 1418 989 1472 Itaque
1014 1431 1102 1459 non
1131 1420 1298 1459 temere
1322 1416 1558 1474 suspiceris
1577 1417 1783 1460 ardorem
1816 1417 1967 1473 dispu-

270 1502 416 1555 tandi,
447 1517 535 1558 qno
556 1502 778 1558 Megarici
793 1501 839 1545 in
861 1502 982 1545 ideas
1008 1502 1208 1545 Platonis
1242 1502 1581 1555 inveherentur,
1620 1516 1801 1555 causam
1831 1503 1967 1546 exsti·
2026 1505 2030 1509 ’

271 1587 402 1641 tisse,
460 1587 578 1644 quod
609 1587 685 1630 hic
714 1587 889 1630 nonnisi
923 1589 1058 1631 breve
1088 1592 1261 1644 tempus
1292 1587 1412 1643 apud
1443 1602 1518 1629 eos
1546 1593 1843 1630 commoratus
1881 1592 1961 1632 est.

269 1672 576 1717 Illud‘ccrtum
599 1673 862 1726 iudicamus,
887 1687 1112 1716 sermones
1133 1671 1252 1726 illos,
1294 1672 1372 1728 qui
1392 1672 1652 1729 Sophistae‚
1694 1673 1788 1716 Viri
1807 1673 1964 1717 Civilis

270 1762 313 1801 et
333 1758 609 1801 Parmenidis
635 1758 813 1822 nomine
831 1758 1034 1814 inscripti
1061 1761 1186 1811 sunt,
1222 1771 1251 1801 a
1269 1759 1457 1802 Platone
1486 1773 1573 1801 non
1606 1762 1709 1801 ante
1732 1758 1821 1801 hoc
1846 1763 1963 1802 tem-

268 1857 349 1898 pus
372 1858 467 1886 esse
484 1843 776 1900 conscriptos,
807 1858 894 1899 quo
919 1843 1257 1900 Megaricorum
1288 1843 1570 1899 disciplinam
1608 1844 1859 1887 accuratius
1888 1830 1964 1887 coss

267 1928 492 1984 gnovisset
519 1938 563 1972 et
583 1929 686 1984 quid
707 1929 778 1971 illi
795 1929 1021 1972 doctrinae
1044 1929 1181 1985 ipsius
1203 1933 1492 1984 opponerent,
1521 1928 1616 1984 ipse
1637 1929 1962 1986 audivisset*·).

267 2015 531 2069 Quanquam
560 2029 647 2057 non
671 2013 884 2072 exiguum
909 2014 1120 2070 temporis
1151 2013 1340 2070 spatium
1372 2014 1548 2056 videtur
1575 2014 1799 2063 effluxisse
1822 2013 1962 2070 usque

266 2100 322 2142 ad
343 2099 454 2142 illud
474 2106 670 2155 tempus,
699 2114 786 2154 quo
805 2105 1038 2155 reponeret
1069 2099 1124 2142 iis
1163 2113 1277 2154 quae
1300 2100 1354 2142 ad
1379 2099 1696 2141 defendendam
1715 2099 1960 2142 doctrinam

266 2199 390 2227 suam
422 2185 633 2228 valerent.
693 2185 806 2228 Nam
835 2190 881 2228 et
923 2184 1073 2227 insunt
1104 2185 1148 2226 in
1179 2184 1272 2227 illis
1304 2184 1433 2227 libris
1483 2198 1596 2239 quae
1638 2184 1959 2228 accuratiorem

264 2269 595 2326 plenioremque
618 2270 946 2327 Pythagoricae
978 2270 1221 2326 sapientiae
1251 2269 1549 2326 cognitionem
1575 2270 1785 2324 prodant,
1824 2283 1957 2324 quam

263 2355 408 2397 adhuc
428 2354 516 2397 sibi
539 2368 794 2411 comparare
818 2354 1012 2411 potuisse
1029 2355 1226 2408 videtur,
1272 2358 1315 2397 et
1340 2369 1491 2406 omne,
1533 2354 1650 2409 quod
1670 2353 1868 2409 proxime
1887 2369 1957 2396 se·

262 2441 504 2494 quebatur‚
554 2444 724 2495 tempus
762 2439 996 2482 itineribus
1028 2439 1283 2483 consumsit.
1352 2438 1526 2495 Etenim
1550 2437 1813 2480 incredibile
1841 2438 1955 2482 illud

262 2524 501 2581 sapientiae
534 2524 756 2578 studium,
803 2538 891 2581 quo
913 2525 1162 2582 flagrabat,
1206 2523 1378 2578 effecit,
1417 2523 1529 2567 utin
1549 2522 1755 2577 Italiam,
1801 2523 1952 2582 Acgy-

314 2899 353 2956 ⁸)
384 2895 451 2943 De
470 2897 799 2958 Megaricorum
826 2897 999 2959 placitis
1022 2906 1065 2945 et
1087 2895 1319 2958 disciplina
1348 2909 1489 2957 panca
1509 2903 1609 2943 sunt
1640 2900 1695 2943 ad
1716 2896 1945 2955 posterita-

422 2957 479 3000 tis
513 2961 773 3003 memoriam
798 2963 982 3010 tradita,
1027 2973 1140 3015 quae
1159 2961 1321 3001 vellem
1356 2966 1403 3001 ut
1433 2958 1668 3013 aliquando
1706 2958 1945 3012 diligenter

420 3015 737 3072 colligerentur
768 3025 809 3059 et
847 3017 1216 3061 examinarentur.
1274 3017 1387 3057 Usos
1414 3016 1518 3056 illos
1546 3029 1640 3056 esse
1666 3013 1942 3056 Parmenidis

421 3072 608 3114 decretis
647 3082 766 3116 reete
805 3074 893 3116 iam
924 3076 961 3116 B
975 3073 1145 3116 ruckc
1159 3088 1180 3114 r
1194 3088 1222 3114 u
1236 3087 1255 3114 s
1275 3072 1386 3114 vidit
1402 3073 1515 3114 nist.
1530 3071 1638 3125 phil.
1663 3067 1719 3111 T.
1731 3071 1765 3112 Ι.
1787 3068 1939 3123 psim.

416 3142 455 3169 v.
480 3129 630 3227 §tiam
672 3131 972 3188 Spalding.
998 3130 1163 3175 Vindio.
1208 3129 1575 3185 philosophorum
1606 3126 1942 3181 Megaricorum

414 3196 455 3239 p.
483 3186 492 3198 “
513 3218 523 3228 .
1102 3207 1105 3213 v

302 3319 370 3372 ⁸⁶)
385 3321 564 3378 Res-pici
589 3324 705 3366 enim
731 3324 776 3367 in
801 3324 1008 3382 Sophista
1034 3330 1080 3369 et
1110 3325 1376 3369 Parmenide
1394 3322 1671 3379 potissimum
1704 3322 1760 3364 ad
1778 3322 1940 3377 Mega-

404 3378 519 3419 ricos
558 3380 603 3422 in
624 3383 949 3438 prolegomenis
973 3384 1030 3426 ud
1054 3383 1366 3427 Parmenidem
1390 3378 1807 3433 demonstrabimus·
