<?xml version="1.0" encoding="UTF-8"?>
<!DOCTYPE html PUBLIC "-//W3C//DTD XHTML 1.0 Transitional//EN"
    "http://www.w3.org/TR/xhtml1/DTD/xhtml1-transitional.dtd">
<html xmlns="http://www.w3.org/1999/xhtml" xml:lang="en" lang="en">
 <head>
  <title>
</title>
<meta http-equiv="Content-Type" content="text/html;charset=utf-8" />
  <meta name='ocr-system' content='tesseract 3.04.00' />
  <meta name='ocr-capabilities' content='ocr_page ocr_carea ocr_par ocr_line ocrx_word'/>
</head>
<body>
  <div class='ocr_page' id='page_1' title='image "./s1s2s3operaomnia01platuoft_0188.png"; bbox 0 0 2040 3646; ppageno 0'>
   <div class='ocr_carea' id='block_1_1' title="bbox 268 125 781 226">
    <p class='ocr_par' dir='ltr' id='par_1_1' title="bbox 268 125 781 226">
     <span class='ocr_line' id='line_1_1' title="bbox 268 125 781 226; baseline -0.002 0"><span class='ocrx_word' id='word_1_1' title='bbox 268 162 374 226; x_wconf 74' lang='lat'><strong><em>134</em></strong></span> <span class='ocrx_word' id='word_1_2' title='bbox 767 125 781 173; x_wconf 34' lang='grc' dir='ltr'><strong><em>χ’</em></strong></span> 
     </span>
    </p>
   </div>
   <div class='ocr_carea' id='block_1_2' title="bbox 931 162 1288 218">
    <p class='ocr_par' dir='ltr' id='par_1_2' title="bbox 931 162 1288 218">
     <span class='ocr_line' id='line_1_2' title="bbox 931 162 1288 218; baseline 0.003 -2"><span class='ocrx_word' id='word_1_3' title='bbox 931 162 1288 218; x_wconf 84' lang='lat' dir='ltr'>PLATONIS</span> 
     </span>
    </p>
   </div>
   <div class='ocr_carea' id='block_1_3' title="bbox 177 296 1960 1321">
    <p class='ocr_par' dir='ltr' id='par_1_3' title="bbox 177 296 1960 1314">
     <span class='ocr_line' id='line_1_3' title="bbox 180 296 1953 384; baseline 0.001 -23"><span class='ocrx_word' id='word_1_4' title='bbox 180 315 233 372; x_wconf 85' lang='grc' dir='ltr'>Β</span> <span class='ocrx_word' id='word_1_5' title='bbox 272 298 564 381; x_wconf 78' lang='grc' dir='ltr'><strong><em>ἅγιῶτερον</em></strong></span> <span class='ocrx_word' id='word_1_6' title='bbox 611 298 709 359; x_wconf 80' lang='grc' dir='ltr'><strong><em>καὶ</em></strong></span> <span class='ocrx_word' id='word_1_7' title='bbox 758 296 816 377; x_wconf 75' lang='grc' dir='ltr'><strong><em>ἐν</em></strong></span> <span class='ocrx_word' id='word_1_8' title='bbox 869 299 1074 378; x_wconf 83' lang='grc' dir='ltr'><strong><em>μείζονι</em></strong></span> <span class='ocrx_word' id='word_1_9' title='bbox 1113 300 1279 384; x_wconf 79' lang='grc' dir='ltr'><strong><em>μοίρᾳ</em></strong></span> <span class='ocrx_word' id='word_1_10' title='bbox 1328 302 1424 363; x_wconf 83' lang='grc' dir='ltr'><strong><em>καὶ</em></strong></span> <span class='ocrx_word' id='word_1_11' title='bbox 1474 298 1626 380; x_wconf 78' lang='grc' dir='ltr'><strong><em>παρὰ</em></strong></span> <span class='ocrx_word' id='word_1_12' title='bbox 1663 305 1820 376; x_wconf 84' lang='grc' dir='ltr'><strong><em>θεοῖς</em></strong></span> <span class='ocrx_word' id='word_1_13' title='bbox 1857 302 1953 362; x_wconf 78' lang='grc' dir='ltr'><strong><em>καὶ</em></strong></span> 
     </span>
     <span class='ocr_line' id='line_1_4' title="bbox 272 382 1952 465; baseline -0.001 -17"><span class='ocrx_word' id='word_1_14' title='bbox 272 383 402 464; x_wconf 78' lang='grc' dir='ltr'><strong><em>παρ’</em></strong></span> <span class='ocrx_word' id='word_1_15' title='bbox 436 382 755 463; x_wconf 75' lang='grc' dir='ltr'><strong><em>ανθρώποις</em></strong></span> <span class='ocrx_word' id='word_1_16' title='bbox 778 389 896 457; x_wconf 83' lang='grc' dir='ltr'><strong><em>τοῖς</em></strong></span> <span class='ocrx_word' id='word_1_17' title='bbox 927 390 1069 445; x_wconf 78' lang='grc' dir='ltr'><strong><em>νοῦν</em></strong></span> <span class='ocrx_word' id='word_1_18' title='bbox 1091 386 1308 463; x_wconf 77' lang='grc' dir='ltr'><strong><em>ἔχουσι,</em></strong></span> <span class='ocrx_word' id='word_1_19' title='bbox 1347 388 1442 447; x_wconf 80' lang='grc' dir='ltr'><strong><em>καὶ</em></strong></span> <span class='ocrx_word' id='word_1_20' title='bbox 1469 388 1730 465; x_wconf 86' lang='grc' dir='ltr'><strong><em>σέβεσθαι</em></strong></span> <span class='ocrx_word' id='word_1_21' title='bbox 1753 391 1838 447; x_wconf 90' lang='grc' dir='ltr'><strong><em>δεῖ</em></strong></span> <span class='ocrx_word' id='word_1_22' title='bbox 1857 389 1952 446; x_wconf 78' lang='grc' dir='ltr'><strong><em>καὶ</em></strong></span> 
     </span>
     <span class='ocr_line' id='line_1_5' title="bbox 272 467 1953 550; baseline 0.001 -21"><span class='ocrx_word' id='word_1_23' title='bbox 272 474 503 549; x_wconf 81' lang='grc' dir='ltr'><strong><em>μᾶλλον</em></strong></span> <span class='ocrx_word' id='word_1_24' title='bbox 517 467 762 530; x_wconf 79' lang='grc' dir='ltr'><strong><em>ὑπείκειν</em></strong></span> <span class='ocrx_word' id='word_1_25' title='bbox 801 471 895 530; x_wconf 85' lang='grc' dir='ltr'><strong><em>καὶ</em></strong></span> <span class='ocrx_word' id='word_1_26' title='bbox 927 469 1205 530; x_wconf 78' lang='grc' dir='ltr'><em>θωπεύειν</em></span> <span class='ocrx_word' id='word_1_27' title='bbox 1242 474 1478 550; x_wconf 78' lang='grc' dir='ltr'><em>πατρίδα</em></span> <span class='ocrx_word' id='word_1_28' title='bbox 1513 472 1953 549; x_wconf 78' lang='grc' dir='ltr'><strong><em>χαλεπαίνουσαν</em></strong></span> 
     </span>
     <span class='ocr_line' id='line_1_6' title="bbox 273 551 1953 635; baseline 0 -20"><span class='ocrx_word' id='word_1_29' title='bbox 273 552 314 635; x_wconf 79' lang='grc' dir='ltr'><em>ἢ</em></span> <span class='ocrx_word' id='word_1_30' title='bbox 353 555 589 634; x_wconf 78' lang='grc' dir='ltr'><strong><em>πατέρα,</em></strong></span> <span class='ocrx_word' id='word_1_31' title='bbox 640 555 735 613; x_wconf 82' lang='grc' dir='ltr'><strong><em>καὶ</em></strong></span> <span class='ocrx_word' id='word_1_32' title='bbox 768 551 807 635; x_wconf 77' lang='grc' dir='ltr'>ἢ</span> <span class='ocrx_word' id='word_1_33' title='bbox 838 555 1078 630; x_wconf 77' lang='grc' dir='ltr'><strong><em>πείθειν,</em></strong></span> <span class='ocrx_word' id='word_1_34' title='bbox 1133 552 1176 635; x_wconf 76' lang='grc' dir='ltr'><strong><em>ἢ</em></strong></span> <span class='ocrx_word' id='word_1_35' title='bbox 1210 564 1387 617; x_wconf 82' lang='grc' dir='ltr'><strong><em>ποιεῖν</em></strong></span> <span class='ocrx_word' id='word_1_36' title='bbox 1422 553 1458 615; x_wconf 73' lang='grc' dir='ltr'><em>ἃ</em></span> <span class='ocrx_word' id='word_1_37' title='bbox 1481 552 1548 616; x_wconf 75' lang='grc' dir='ltr'><strong><em>ὃὲν</em></strong></span> <span class='ocrx_word' id='word_1_38' title='bbox 1581 556 1806 632; x_wconf 78' lang='grc' dir='ltr'><strong><em>κελεύῃ,</em></strong></span> <span class='ocrx_word' id='word_1_39' title='bbox 1856 557 1953 615; x_wconf 81' lang='grc' dir='ltr'><strong><em>καὶ</em></strong></span> 
     </span>
     <span class='ocr_line' id='line_1_7' title="bbox 269 638 1960 722; baseline 0.001 -22"><span class='ocrx_word' id='word_1_40' title='bbox 269 638 524 718; x_wconf 80' lang='grc' dir='ltr'><strong><em>πάσχειν,</em></strong></span> <span class='ocrx_word' id='word_1_41' title='bbox 569 638 663 699; x_wconf 73' lang='grc' dir='ltr'><strong><em>ἐάν</em></strong></span> <span class='ocrx_word' id='word_1_42' title='bbox 684 661 737 699; x_wconf 90' lang='grc' dir='ltr'><strong><em>τι</em></strong></span> <span class='ocrx_word' id='word_1_43' title='bbox 759 639 1060 718; x_wconf 80' lang='grc' dir='ltr'><strong><em>προςτάττῃ</em></strong></span> <span class='ocrx_word' id='word_1_44' title='bbox 1085 647 1300 713; x_wconf 84' lang='grc' dir='ltr'><strong><em>παθεῖν,</em></strong></span> <span class='ocrx_word' id='word_1_45' title='bbox 1342 640 1583 722; x_wconf 76' lang='grc' dir='ltr'><strong><em>ἡσυχίαν</em></strong></span> <span class='ocrx_word' id='word_1_46' title='bbox 1604 638 1820 719; x_wconf 76' lang='grc' dir='ltr'><strong><em>ἄγοντα,</em></strong></span> <span class='ocrx_word' id='word_1_47' title='bbox 1860 640 1960 701; x_wconf 76' lang='grc' dir='ltr'><strong><em>ἐάν</em></strong></span> 
     </span>
     <span class='ocr_line' id='line_1_8' title="bbox 268 723 1952 804; baseline 0.001 -20"><span class='ocrx_word' id='word_1_48' title='bbox 268 747 326 784; x_wconf 87' lang='grc' dir='ltr'><strong><em>τε</em></strong></span> <span class='ocrx_word' id='word_1_49' title='bbox 360 724 668 785; x_wconf 84' lang='grc' dir='ltr'><strong><em>τύπτεσθαι</em></strong></span> <span class='ocrx_word' id='word_1_50' title='bbox 704 724 797 784; x_wconf 80' lang='grc' dir='ltr'><strong><em>ἐάν</em></strong></span> <span class='ocrx_word' id='word_1_51' title='bbox 829 746 884 784; x_wconf 86' lang='grc' dir='ltr'><strong><em>τε</em></strong></span> <span class='ocrx_word' id='word_1_52' title='bbox 919 728 1138 784; x_wconf 87' lang='grc' dir='ltr'><strong><em>δεῖσθαι</em></strong></span> <span class='ocrx_word' id='word_1_53' title='bbox 1154 769 1170 798; x_wconf 93' lang='grc'><strong><em>,</em></strong></span> <span class='ocrx_word' id='word_1_54' title='bbox 1235 725 1329 785; x_wconf 74' lang='grc' dir='ltr'><strong><em>ἐάν</em></strong></span> <span class='ocrx_word' id='word_1_55' title='bbox 1363 750 1419 785; x_wconf 90' lang='grc' dir='ltr'><strong><em>τε</em></strong></span> <span class='ocrx_word' id='word_1_56' title='bbox 1458 728 1533 798; x_wconf 80' lang='grc' dir='ltr'><strong><em>εἰς</em></strong></span> <span class='ocrx_word' id='word_1_57' title='bbox 1567 726 1808 803; x_wconf 84' lang='grc' dir='ltr'><strong><em>πόλεμον</em></strong></span> <span class='ocrx_word' id='word_1_58' title='bbox 1845 723 1952 804; x_wconf 74' lang='grc' dir='ltr'><strong><em>ἄγῃ</em></strong></span> 
     </span>
     <span class='ocr_line' id='line_1_9' title="bbox 267 806 1953 891; baseline 0 -23"><span class='ocrx_word' id='word_1_59' title='bbox 267 809 695 890; x_wconf 83' lang='grc' dir='ltr'><strong><em>τρωθησόμενον</em></strong></span> <span class='ocrx_word' id='word_1_60' title='bbox 726 806 764 889; x_wconf 78' lang='grc' dir='ltr'><em>ἢ</em></span> <span class='ocrx_word' id='word_1_61' title='bbox 790 807 1267 887; x_wconf 70' lang='grc' dir='ltr'><strong><em>ἄποθανούμενον·</em></strong></span> <span class='ocrx_word' id='word_1_62' title='bbox 1320 811 1580 891; x_wconf 81' lang='grc' dir='ltr'><strong><em>ποιητέον</em></strong></span> <span class='ocrx_word' id='word_1_63' title='bbox 1603 816 1805 883; x_wconf 80' lang='grc' dir='ltr'><strong><em>ταῦτα,</em></strong></span> <span class='ocrx_word' id='word_1_64' title='bbox 1857 811 1953 869; x_wconf 81' lang='grc' dir='ltr'><strong><em>καὶ</em></strong></span> 
     </span>
     <span class='ocr_line' id='line_1_10' title="bbox 267 891 1951 973; baseline -0.001 -19"><span class='ocrx_word' id='word_1_65' title='bbox 267 892 334 954; x_wconf 83' lang='grc' dir='ltr'><strong><em>τὸ</em></strong></span> <span class='ocrx_word' id='word_1_66' title='bbox 361 896 576 955; x_wconf 84' lang='grc' dir='ltr'><strong><em>δίκαιον</em></strong></span> <span class='ocrx_word' id='word_1_67' title='bbox 601 891 781 967; x_wconf 79' lang='grc' dir='ltr'><strong><em>οὕτως</em></strong></span> <span class='ocrx_word' id='word_1_68' title='bbox 805 895 935 972; x_wconf 72' lang='grc' dir='ltr'><strong><em>ἔχει,</em></strong></span> <span class='ocrx_word' id='word_1_69' title='bbox 991 896 1084 954; x_wconf 86' lang='grc' dir='ltr'><strong><em>καὶ</em></strong></span> <span class='ocrx_word' id='word_1_70' title='bbox 1119 894 1245 973; x_wconf 76' lang='grc' dir='ltr'><strong><em>οὐχὶ</em></strong></span> <span class='ocrx_word' id='word_1_71' title='bbox 1282 893 1599 969; x_wconf 79' lang='grc' dir='ltr'><strong><em>ὑπεικτέον,</em></strong></span> <span class='ocrx_word' id='word_1_72' title='bbox 1642 894 1778 955; x_wconf 80' lang='grc' dir='ltr'><strong><em>ου’δὲ</em></strong></span> <span class='ocrx_word' id='word_1_73' title='bbox 1814 892 1951 954; x_wconf 70' lang='grc' dir='ltr'><strong><em>οἴνα-</em></strong></span> 
     </span>
     <span class='ocr_line' id='line_1_11' title="bbox 269 977 1951 1060; baseline -0.001 -21"><span class='ocrx_word' id='word_1_74' title='bbox 269 981 572 1060; x_wconf 81' lang='grc' dir='ltr'><strong><em>χωρητέον,</em></strong></span> <span class='ocrx_word' id='word_1_75' title='bbox 625 977 758 1039; x_wconf 80' lang='grc' dir='ltr'><strong><em>οὐδε</em></strong></span> <span class='ocrx_word' id='word_1_76' title='bbox 783 979 1028 1039; x_wconf 84' lang='grc' dir='ltr'><strong><em>λειπτέον</em></strong></span> <span class='ocrx_word' id='word_1_77' title='bbox 1047 977 1149 1060; x_wconf 79' lang='grc' dir='ltr'><strong><em>τὴν</em></strong></span> <span class='ocrx_word' id='word_1_78' title='bbox 1173 978 1350 1054; x_wconf 79' lang='grc' dir='ltr'><strong><em>ταξιν,</em></strong></span> <span class='ocrx_word' id='word_1_79' title='bbox 1395 977 1534 1039; x_wconf 87' lang='grc' dir='ltr'><strong><em>αλλα</em></strong></span> <span class='ocrx_word' id='word_1_80' title='bbox 1566 982 1660 1039; x_wconf 84' lang='grc' dir='ltr'><strong><em>καὶ</em></strong></span> <span class='ocrx_word' id='word_1_81' title='bbox 1698 981 1756 1039; x_wconf 75' lang='grc' dir='ltr'><strong><em>ἐν</em></strong></span> <span class='ocrx_word' id='word_1_82' title='bbox 1783 980 1951 1039; x_wconf 86' lang='grc' dir='ltr'><strong><em>πολέ-</em></strong></span> 
     </span>
     <span class='ocr_line' id='line_1_12' title="bbox 265 1060 1952 1173; baseline 0.001 -50"><span class='ocrx_word' id='word_1_83' title='bbox 265 1088 352 1148; x_wconf 76' lang='grc' dir='ltr'><strong><em>μῳ</em></strong></span> <span class='ocrx_word' id='word_1_84' title='bbox 389 1067 482 1124; x_wconf 80' lang='grc' dir='ltr'><strong><em>καὶ</em></strong></span> <span class='ocrx_word' id='word_1_85' title='bbox 521 1066 578 1124; x_wconf 82' lang='grc' dir='ltr'><strong><em>έν</em></strong></span> <span class='ocrx_word' id='word_1_86' title='bbox 611 1066 981 1173; x_wconf 72' lang='grc' dir='ltr'><strong><em>δικαστηρίω</em></strong></span> <span class='ocrx_word' id='word_1_87' title='bbox 965 1066 1059 1122; x_wconf 84' lang='grc' dir='ltr'><strong><em>καὶ</em></strong></span> <span class='ocrx_word' id='word_1_88' title='bbox 1083 1070 1369 1142; x_wconf 82' lang='grc' dir='ltr'><strong><em>πανταχοῦ</em></strong></span> <span class='ocrx_word' id='word_1_89' title='bbox 1392 1065 1650 1146; x_wconf 81' lang='grc' dir='ltr'><strong><em>ποιητέον</em></strong></span> <span class='ocrx_word' id='word_1_90' title='bbox 1685 1060 1778 1123; x_wconf 73' lang='grc' dir='ltr'><em>ἃ</em></span> <span class='ocrx_word' id='word_1_91' title='bbox 1754 1062 1822 1123; x_wconf 70' lang='grc' dir='ltr'><strong><em>α’-ν</em></strong></span> <span class='ocrx_word' id='word_1_92' title='bbox 1859 1087 1952 1124; x_wconf 84' lang='grc' dir='ltr'><strong><em>κε-</em></strong></span> 
     </span>
     <span class='ocr_line' id='line_1_13' title="bbox 177 1124 1953 1230; baseline -0.001 -22"><span class='ocrx_word' id='word_1_93' title='bbox 177 1160 225 1215; x_wconf 92' lang='lat' dir='ltr'>C</span> <span class='ocrx_word' id='word_1_94' title='bbox 265 1124 404 1226; x_wconf 82' lang='grc' dir='ltr'><strong><em>λέύῃ</em></strong></span> <span class='ocrx_word' id='word_1_95' title='bbox 438 1147 476 1230; x_wconf 83' lang='grc' dir='ltr'>ἡ</span> <span class='ocrx_word' id='word_1_96' title='bbox 509 1149 671 1222; x_wconf 81' lang='grc' dir='ltr'><strong><em>πόλις</em></strong></span> <span class='ocrx_word' id='word_1_97' title='bbox 705 1150 799 1208; x_wconf 82' lang='grc' dir='ltr'><strong><em>καὶ</em></strong></span> <span class='ocrx_word' id='word_1_98' title='bbox 831 1147 868 1229; x_wconf 82' lang='grc' dir='ltr'><strong><em>ἡ</em></strong></span> <span class='ocrx_word' id='word_1_99' title='bbox 893 1150 1115 1226; x_wconf 83' lang='grc' dir='ltr'><strong><em>πατρίς,</em></strong></span> <span class='ocrx_word' id='word_1_100' title='bbox 1169 1146 1208 1230; x_wconf 78' lang='grc' dir='ltr'><em>ἢ</em></span> <span class='ocrx_word' id='word_1_101' title='bbox 1239 1151 1451 1210; x_wconf 85' lang='grc' dir='ltr'><strong><em>πείθειν</em></strong></span> <span class='ocrx_word' id='word_1_102' title='bbox 1487 1147 1667 1229; x_wconf 72' lang='grc' dir='ltr'><strong><em>αὐτὴν</em></strong></span> <span class='ocrx_word' id='word_1_103' title='bbox 1697 1140 1736 1226; x_wconf 75' lang='grc' dir='ltr'><em>ᾗ</em></span> <span class='ocrx_word' id='word_1_104' title='bbox 1761 1146 1827 1207; x_wconf 83' lang='grc' dir='ltr'><strong><em>τὸ</em></strong></span> <span class='ocrx_word' id='word_1_105' title='bbox 1866 1150 1953 1207; x_wconf 81' lang='grc' dir='ltr'><strong><em>δι’-</em></strong></span> 
     </span>
     <span class='ocr_line' id='line_1_14' title="bbox 262 1231 1951 1321; baseline -0.001 -28"><span class='ocrx_word' id='word_1_106' title='bbox 262 1256 424 1294; x_wconf 81' lang='grc' dir='ltr'><strong><em>καιον</em></strong></span> <span class='ocrx_word' id='word_1_107' title='bbox 445 1234 680 1314; x_wconf 79' lang='grc' dir='ltr'><strong><em>πέφυκε·</em></strong></span> <span class='ocrx_word' id='word_1_108' title='bbox 720 1233 1010 1311; x_wconf 80' lang='grc' dir='ltr'><strong><em>βιαζεσθαι</em></strong></span> <span class='ocrx_word' id='word_1_109' title='bbox 1034 1232 1084 1292; x_wconf 83' lang='grc' dir='ltr'><strong><em>δ’</em></strong></span> <span class='ocrx_word' id='word_1_110' title='bbox 1107 1232 1241 1321; x_wconf 78' lang='grc' dir='ltr'><strong><em>οὐχ</em></strong></span> <span class='ocrx_word' id='word_1_111' title='bbox 1237 1231 1393 1294; x_wconf 83' lang='grc' dir='ltr'><strong><em>ὅσιον</em></strong></span> <span class='ocrx_word' id='word_1_112' title='bbox 1429 1232 1557 1294; x_wconf 89' lang='grc' dir='ltr'><strong><em>ου’τε</em></strong></span> <span class='ocrx_word' id='word_1_113' title='bbox 1578 1235 1788 1314; x_wconf 84' lang='grc' dir='ltr'><strong><em>μητέρα</em></strong></span> <span class='ocrx_word' id='word_1_114' title='bbox 1820 1231 1951 1293; x_wconf 81' lang='grc' dir='ltr'><strong><em>ου’τε</em></strong></span> 
     </span>
    </p>
   </div>
   <div class='ocr_carea' id='block_1_4' title="bbox 261 1315 1788 1434">
    <p class='ocr_par' dir='ltr' id='par_1_4' title="bbox 261 1315 1788 1434">
     <span class='ocr_line' id='line_1_15' title="bbox 261 1315 1788 1434; baseline -0.003 -54"><span class='ocrx_word' id='word_1_115' title='bbox 261 1319 501 1434; x_wconf 82' lang='grc' dir='ltr'><strong><em>πατέρα,</em></strong></span> <span class='ocrx_word' id='word_1_116' title='bbox 555 1315 707 1380; x_wconf 88' lang='grc' dir='ltr'><strong><em>πολυ</em></strong></span> <span class='ocrx_word' id='word_1_117' title='bbox 749 1320 808 1378; x_wconf 89' lang='grc' dir='ltr'><strong><em>δε</em></strong></span> <span class='ocrx_word' id='word_1_118' title='bbox 838 1317 1054 1379; x_wconf 80' lang='grc' dir='ltr'><strong><em>τούτων</em></strong></span> <span class='ocrx_word' id='word_1_119' title='bbox 1089 1319 1164 1378; x_wconf 87' lang='grc' dir='ltr'><strong><em>ε’τι</em></strong></span> <span class='ocrx_word' id='word_1_120' title='bbox 1199 1321 1366 1399; x_wconf 75' lang='grc' dir='ltr'><strong><em>ηττον</em></strong></span> <span class='ocrx_word' id='word_1_121' title='bbox 1401 1317 1504 1400; x_wconf 79' lang='grc' dir='ltr'><strong><em>τὴν</em></strong></span> <span class='ocrx_word' id='word_1_122' title='bbox 1537 1320 1788 1397; x_wconf 79' lang='grc' dir='ltr'><strong><em>πατρίδα.</em></strong></span> 
     </span>
    </p>
   </div>
   <div class='ocr_carea' id='block_1_5' title="bbox 1882 1318 1956 1377">
    <p class='ocr_par' dir='ltr' id='par_1_5' title="bbox 1882 1318 1956 1377">
     <span class='ocr_line' id='line_1_16' title="bbox 1882 1318 1956 1377; baseline -0.014 0"><span class='ocrx_word' id='word_1_123' title='bbox 1882 1318 1956 1377; x_wconf 86' lang='grc' dir='ltr'><strong><em>Τί</em></strong></span> 
     </span>
    </p>
   </div>
   <div class='ocr_carea' id='block_1_6' title="bbox 211 1483 1950 1613">
    <p class='ocr_par' dir='ltr' id='par_1_6' title="bbox 258 1483 1950 1600">
     <span class='ocr_line' id='line_1_17' title="bbox 317 1483 1950 1544; baseline -0.001 -14"><span class='ocrx_word' id='word_1_124' title='bbox 317 1503 350 1530; x_wconf 89' lang='grc' dir='ltr'><strong><em>α</em></strong></span> <span class='ocrx_word' id='word_1_125' title='bbox 371 1502 429 1530; x_wconf 88' lang='grc' dir='ltr'><strong><em>αν</em></strong></span> <span class='ocrx_word' id='word_1_126' title='bbox 451 1484 633 1544; x_wconf 81' lang='grc' dir='ltr'><strong><em>κελεύῃ]</em></strong></span> <span class='ocrx_word' id='word_1_127' title='bbox 668 1485 745 1530; x_wconf 84' lang='lat' dir='ltr'><strong><em>Sic</em></strong></span> <span class='ocrx_word' id='word_1_128' title='bbox 767 1486 892 1528; x_wconf 85' lang='lat' dir='ltr'><strong>codd.</strong></span> <span class='ocrx_word' id='word_1_129' title='bbox 914 1500 1064 1529; x_wconf 79' lang='lat' dir='ltr'><strong>omnes</strong></span> <span class='ocrx_word' id='word_1_130' title='bbox 1089 1501 1169 1542; x_wconf 86' lang='lat' dir='ltr'><strong><em>pro</em></strong></span> <span class='ocrx_word' id='word_1_131' title='bbox 1192 1487 1317 1543; x_wconf 79' lang='lat' dir='ltr'><strong>vulg.</strong></span> <span class='ocrx_word' id='word_1_132' title='bbox 1341 1489 1407 1531; x_wconf 80' lang='grc' dir='ltr'><strong><em>κελ</em></strong></span> <span class='ocrx_word' id='word_1_133' title='bbox 1418 1483 1470 1531; x_wconf 75' lang='grc' dir='ltr'><strong><em>εὖ</em></strong></span> <span class='ocrx_word' id='word_1_134' title='bbox 1482 1502 1558 1539; x_wconf 88' lang='grc' dir='ltr'><strong><em>οι,</em></strong></span> <span class='ocrx_word' id='word_1_135' title='bbox 1588 1485 1705 1541; x_wconf 82' lang='lat' dir='ltr'><strong>quod</strong></span> <span class='ocrx_word' id='word_1_136' title='bbox 1729 1483 1836 1528; x_wconf 75' lang='lat' dir='ltr'>ferri</span> <span class='ocrx_word' id='word_1_137' title='bbox 1861 1499 1950 1528; x_wconf 86' lang='lat' dir='ltr'><strong><em>non</em></strong></span> 
     </span>
     <span class='ocr_line' id='line_1_18' title="bbox 211 1543 1949 1613; baseline -0.001 -25.944"><span class='ocrx_word' id='word_1_138' title='bbox 211 1547 414 1600; x_wconf 77' lang='lat' dir='ltr'><strong>potest.</strong></span> <span class='ocrx_word' id='word_1_139' title='bbox 478 1545 642 1586; x_wconf 81' lang='lat' dir='ltr'>Deinde</span> <span class='ocrx_word' id='word_1_140' title='bbox 669 1545 807 1613; x_wconf 82' lang='lat' dir='ltr'><strong>vulgo</strong></span> <span class='ocrx_word' id='word_1_141' title='bbox 843 1543 1041 1599; x_wconf 86' lang='grc' dir='ltr'><strong><em>ποιητέα</em></strong></span> <span class='ocrx_word' id='word_1_142' title='bbox 1070 1545 1221 1587; x_wconf 81' lang='grc' dir='ltr'><strong><em>ταῦτα</em></strong></span> <span class='ocrx_word' id='word_1_143' title='bbox 1242 1548 1545 1597; x_wconf 80' lang='lat' dir='ltr'>erat,cont1·a</span> <span class='ocrx_word' id='word_1_144' title='bbox 1573 1543 1707 1586; x_wconf 80' lang='lat' dir='ltr'><strong>fidem</strong></span> <span class='ocrx_word' id='word_1_145' title='bbox 1733 1543 1949 1586; x_wconf 85' lang='lat' dir='ltr'><strong>codicum.</strong></span> 
     </span>
    </p>
   </div>
   <div class='ocr_carea' id='block_1_7' title="bbox 315 1596 1224 1660">
    <p class='ocr_par' dir='ltr' id='par_1_7' title="bbox 315 1596 1224 1660">
     <span class='ocr_line' id='line_1_19' title="bbox 315 1596 1224 1660; baseline -0.001 -14"><span class='ocrx_word' id='word_1_146' title='bbox 315 1599 396 1646; x_wconf 79' lang='grc' dir='ltr'><strong><em>καὶ</em></strong></span> <span class='ocrx_word' id='word_1_147' title='bbox 412 1596 449 1658; x_wconf 83' lang='grc' dir='ltr'><strong><em>ἡ</em></strong></span> <span class='ocrx_word' id='word_1_148' title='bbox 473 1600 659 1660; x_wconf 84' lang='grc' dir='ltr'><strong><em>πατρίς]</em></strong></span> <span class='ocrx_word' id='word_1_149' title='bbox 689 1601 741 1643; x_wconf 91' lang='lat' dir='ltr'><strong><em>V.</em></strong></span> <span class='ocrx_word' id='word_1_150' title='bbox 765 1596 792 1657; x_wconf 83' lang='grc' dir='ltr'>ἡ</span> <span class='ocrx_word' id='word_1_151' title='bbox 818 1600 951 1652; x_wconf 82' lang='grc' dir='ltr'><strong><em>πόλις</em></strong></span> <span class='ocrx_word' id='word_1_152' title='bbox 976 1617 1024 1646; x_wconf 86' lang='grc' dir='ltr'><strong><em>τε</em></strong></span> <span class='ocrx_word' id='word_1_153' title='bbox 1053 1618 1093 1645; x_wconf 86' lang='grc' dir='ltr'><strong><em>κ.</em></strong></span> <span class='ocrx_word' id='word_1_154' title='bbox 1123 1618 1151 1658; x_wconf 84' lang='grc' dir='ltr'><strong><em>η</em></strong></span> <span class='ocrx_word' id='word_1_155' title='bbox 1176 1617 1224 1647; x_wconf 91' lang='grc' dir='ltr'><strong><em>π.</em></strong></span> 
     </span>
    </p>
   </div>
   <div class='ocr_carea' id='block_1_8' title="bbox 250 1747 1072 2383">
    <p class='ocr_par' dir='ltr' id='par_1_8' title="bbox 250 1747 1072 2383">
     <span class='ocr_line' id='line_1_20' title="bbox 254 1747 1070 1821; baseline 0 -25"><span class='ocrx_word' id='word_1_156' title='bbox 254 1766 370 1821; x_wconf 85' lang='grc' dir='ltr'><strong><em>τηρ,</em></strong></span> <span class='ocrx_word' id='word_1_157' title='bbox 395 1753 532 1806; x_wconf 81' lang='grc' dir='ltr'><strong><em>παῖς,</em></strong></span> <span class='ocrx_word' id='word_1_158' title='bbox 561 1747 789 1807; x_wconf 84' lang='grc' dir='ltr'><strong><em>αδελφός,</em></strong></span> <span class='ocrx_word' id='word_1_159' title='bbox 819 1751 892 1807; x_wconf 75' lang='grc' dir='ltr'><strong><em>γῆ,</em></strong></span> <span class='ocrx_word' id='word_1_160' title='bbox 921 1750 1070 1804; x_wconf 82' lang='grc' dir='ltr'><strong><em>πόλις,</em></strong></span> 
     </span>
     <span class='ocr_line' id='line_1_21' title="bbox 255 1805 1069 1868; baseline -0.001 -15"><span class='ocrx_word' id='word_1_161' title='bbox 255 1805 416 1868; x_wconf 72' lang='grc' dir='ltr'><strong><em>ἀγρός,</em></strong></span> <span class='ocrx_word' id='word_1_162' title='bbox 446 1810 562 1861; x_wconf 81' lang='lat' dir='ltr'>alia,</span> <span class='ocrx_word' id='word_1_163' title='bbox 592 1809 766 1864; x_wconf 80' lang='lat' dir='ltr'>quando</span> <span class='ocrx_word' id='word_1_164' title='bbox 790 1823 878 1851; x_wconf 86' lang='lat' dir='ltr'><strong><em>non</em></strong></span> <span class='ocrx_word' id='word_1_165' title='bbox 898 1811 952 1852; x_wconf 81' lang='lat' dir='ltr'><strong><em>ne</em></strong></span> <span class='ocrx_word' id='word_1_166' title='bbox 979 1825 1069 1852; x_wconf 86' lang='lat' dir='ltr'><strong><em>uno</em></strong></span> 
     </span>
     <span class='ocr_line' id='line_1_22' title="bbox 254 1866 1072 1924; baseline 0.001 -15"><span class='ocrx_word' id='word_1_167' title='bbox 254 1867 447 1923; x_wconf 80' lang='lat' dir='ltr'><strong>quodam</strong></span> <span class='ocrx_word' id='word_1_168' title='bbox 473 1881 525 1910; x_wconf 80' lang='lat' dir='ltr'><strong><em>ac</em></strong></span> <span class='ocrx_word' id='word_1_169' title='bbox 549 1866 756 1918; x_wconf 84' lang='lat' dir='ltr'>definito,</span> <span class='ocrx_word' id='word_1_170' title='bbox 796 1867 871 1908; x_wconf 82' lang='lat' dir='ltr'><strong><em>sed</em></strong></span> <span class='ocrx_word' id='word_1_171' title='bbox 909 1867 962 1910; x_wconf 83' lang='lat' dir='ltr'><strong><em>de</em></strong></span> <span class='ocrx_word' id='word_1_172' title='bbox 991 1882 1072 1924; x_wconf 85' lang='lat' dir='ltr'><strong><em>ge-</em></strong></span> 
     </span>
     <span class='ocr_line' id='line_1_23' title="bbox 253 1898 1072 1976; baseline 0 -9"><span class='ocrx_word' id='word_1_173' title='bbox 253 1939 360 1968; x_wconf 77' lang='lat' dir='ltr'>nere</span> <span class='ocrx_word' id='word_1_174' title='bbox 383 1924 431 1966; x_wconf 89' lang='lat' dir='ltr'><strong><em>in</em></strong></span> <span class='ocrx_word' id='word_1_175' title='bbox 450 1924 706 1966; x_wconf 81' lang='lat' dir='ltr'>universum</span> <span class='ocrx_word' id='word_1_176' title='bbox 727 1898 957 1976; x_wconf 79' lang='lat' dir='ltr'>d&#39;icuntur,</span> <span class='ocrx_word' id='word_1_177' title='bbox 999 1939 1072 1967; x_wconf 83' lang='lat' dir='ltr'><strong><em>ar-</em></strong></span> 
     </span>
     <span class='ocr_line' id='line_1_24' title="bbox 253 1981 1069 2026; baseline -0.002 -1"><span class='ocrx_word' id='word_1_178' title='bbox 253 1981 392 2025; x_wconf 78' lang='lat' dir='ltr'><strong>ticulo</strong></span> <span class='ocrx_word' id='word_1_179' title='bbox 455 1995 623 2024; x_wconf 81' lang='lat' dir='ltr'><strong>carere</strong></span> <span class='ocrx_word' id='word_1_180' title='bbox 680 1995 722 2023; x_wconf 86' lang='lat' dir='ltr'><strong>v.</strong></span> <span class='ocrx_word' id='word_1_181' title='bbox 783 1981 1069 2026; x_wconf 79' lang='lat' dir='ltr'><strong>Schaefer.</strong></span> 
     </span>
     <span class='ocr_line' id='line_1_25' title="bbox 251 2036 1069 2095; baseline 0 -14"><span class='ocrx_word' id='word_1_182' title='bbox 251 2038 423 2082; x_wconf 79' lang='lat' dir='ltr'><strong>Melett.</strong></span> <span class='ocrx_word' id='word_1_183' title='bbox 439 2038 583 2093; x_wconf 81' lang='lat' dir='ltr'><strong>crit.p</strong></span> <span class='ocrx_word' id='word_1_184' title='bbox 588 2036 885 2093; x_wconf 77' lang='lat' dir='ltr'><strong>.45.p.‹162s.</strong></span> <span class='ocrx_word' id='word_1_185' title='bbox 917 2054 958 2095; x_wconf 85' lang='lat' dir='ltr'><strong>p.</strong></span> <span class='ocrx_word' id='word_1_186' title='bbox 972 2039 1069 2081; x_wconf 77' lang='lat'><strong>116.</strong></span> 
     </span>
     <span class='ocr_line' id='line_1_26' title="bbox 252 2053 1067 2151; baseline 0.001 -13"><span class='ocrx_word' id='word_1_187' title='bbox 252 2096 309 2139; x_wconf 81' lang='lat' dir='ltr'><strong><em>ad</em></strong></span> <span class='ocrx_word' id='word_1_188' title='bbox 336 2096 446 2151; x_wconf 89' lang='lat' dir='ltr'><strong><em>Sop</em></strong></span> <span class='ocrx_word' id='word_1_189' title='bbox 461 2095 609 2138; x_wconf 83' lang='lat' dir='ltr'><strong>hoel.</strong></span> <span class='ocrx_word' id='word_1_190' title='bbox 637 2053 746 2140; x_wconf 73' lang='lat' dir='ltr'><strong>Oetpl.</strong></span> <span class='ocrx_word' id='word_1_191' title='bbox 771 2096 812 2137; x_wconf 87' lang='grc' dir='ltr'><strong>Τ</strong></span> <span class='ocrx_word' id='word_1_192' title='bbox 814 2110 880 2151; x_wconf 65' lang='lat' dir='ltr'><strong><em>yn</em></strong></span> <span class='ocrx_word' id='word_1_193' title='bbox 905 2111 946 2139; x_wconf 83' lang='lat' dir='ltr'>v</span> <span class='ocrx_word' id='word_1_194' title='bbox 968 2096 1067 2139; x_wconf 79' lang='lat'><strong>630.</strong></span> 
     </span>
     <span class='ocr_line' id='line_1_27' title="bbox 252 2152 1066 2207; baseline -0.001 -11"><span class='ocrx_word' id='word_1_195' title='bbox 252 2153 578 2196; x_wconf 80' lang='lat' dir='ltr'><strong>Buttmann.</strong></span> <span class='ocrx_word' id='word_1_196' title='bbox 627 2152 685 2194; x_wconf 85' lang='lat' dir='ltr'><strong><em>ad</em></strong></span> <span class='ocrx_word' id='word_1_197' title='bbox 719 2153 899 2196; x_wconf 80' lang='lat' dir='ltr'><strong>Menon.</strong></span> <span class='ocrx_word' id='word_1_198' title='bbox 950 2157 990 2207; x_wconf 68' lang='grc' dir='ltr'><strong>ς.</strong></span> <span class='ocrx_word' id='word_1_199' title='bbox 1024 2153 1066 2196; x_wconf 79' lang='grc'><strong><em>7.</em></strong></span> 
     </span>
     <span class='ocr_line' id='line_1_28' title="bbox 251 2206 1070 2266; baseline 0.002 -14"><span class='ocrx_word' id='word_1_200' title='bbox 251 2209 328 2253; x_wconf 82' lang='lat' dir='ltr'><strong><em>Sic</em></strong></span> <span class='ocrx_word' id='word_1_201' title='bbox 349 2209 527 2252; x_wconf 80' lang='lat' dir='ltr'><strong>deinde:</strong></span> <span class='ocrx_word' id='word_1_202' title='bbox 558 2206 638 2252; x_wconf 83' lang='grc' dir='ltr'><strong><em>καὶ</em></strong></span> <span class='ocrx_word' id='word_1_203' title='bbox 657 2207 876 2266; x_wconf 87' lang='grc' dir='ltr'><strong><em>σέβεσθαι</em></strong></span> <span class='ocrx_word' id='word_1_204' title='bbox 905 2210 978 2254; x_wconf 83' lang='grc' dir='ltr'><strong><em>δεῖ</em></strong></span> <span class='ocrx_word' id='word_1_205' title='bbox 990 2210 1070 2254; x_wconf 78' lang='grc' dir='ltr'><strong><em>καὶ</em></strong></span> 
     </span>
     <span class='ocr_line' id='line_1_29' title="bbox 250 2266 1068 2338; baseline 0.003 -28"><span class='ocrx_word' id='word_1_206' title='bbox 250 2267 426 2338; x_wconf 79' lang='grc' dir='ltr'><strong><em>μᾶλλον</em></strong></span> <span class='ocrx_word' id='word_1_207' title='bbox 461 2290 491 2300; x_wconf 89' lang='grc'>-</span> <span class='ocrx_word' id='word_1_208' title='bbox 528 2266 735 2337; x_wconf 75' lang='grc' dir='ltr'><strong><em>πατρίδα</em></strong></span> <span class='ocrx_word' id='word_1_209' title='bbox 764 2269 1068 2323; x_wconf 81' lang='grc' dir='ltr'><strong><em>χαλεπαίνον-</em></strong></span> 
     </span>
     <span class='ocr_line' id='line_1_30' title="bbox 251 2319 614 2383; baseline -0.006 -14"><span class='ocrx_word' id='word_1_210' title='bbox 251 2336 339 2370; x_wconf 83' lang='grc' dir='ltr'><strong><em>σαν</em></strong></span> <span class='ocrx_word' id='word_1_211' title='bbox 365 2319 395 2382; x_wconf 80' lang='grc' dir='ltr'><em>ἢ</em></span> <span class='ocrx_word' id='word_1_212' title='bbox 419 2322 614 2383; x_wconf 85' lang='grc' dir='ltr'><strong><em>πατέρα.</em></strong></span> 
     </span>
    </p>
   </div>
   <div class='ocr_carea' id='block_1_9' title="bbox 250 2435 1068 2621">
    <p class='ocr_par' dir='ltr' id='par_1_9' title="bbox 250 2435 1068 2621">
     <span class='ocr_line' id='line_1_31' title="bbox 306 2435 1068 2512; baseline -0.001 -30"><span class='ocrx_word' id='word_1_213' title='bbox 306 2438 361 2483; x_wconf 91' lang='grc' dir='ltr'><strong><em>Β.</em></strong></span> <span class='ocrx_word' id='word_1_214' title='bbox 392 2436 472 2482; x_wconf 77' lang='grc' dir='ltr'><strong><em>καὶ</em></strong></span> <span class='ocrx_word' id='word_1_215' title='bbox 491 2435 540 2483; x_wconf 76' lang='grc' dir='ltr'><strong><em>ἐν</em></strong></span> <span class='ocrx_word' id='word_1_216' title='bbox 561 2437 735 2512; x_wconf 83' lang='grc' dir='ltr'><strong><em>μείζονι</em></strong></span> <span class='ocrx_word' id='word_1_217' title='bbox 758 2437 931 2506; x_wconf 76' lang='grc' dir='ltr'><strong><em>μοίρᾳ]</em></strong></span> <span class='ocrx_word' id='word_1_218' title='bbox 966 2435 1068 2482; x_wconf 85' lang='grc' dir='ltr'><strong><em>»Ἐν</em></strong></span> 
     </span>
     <span class='ocr_line' id='line_1_32' title="bbox 250 2484 1067 2554; baseline -0.004 -14"><span class='ocrx_word' id='word_1_219' title='bbox 250 2496 424 2553; x_wconf 78' lang='grc' dir='ltr'><strong><em>μείζονι</em></strong></span> <span class='ocrx_word' id='word_1_220' title='bbox 441 2497 585 2554; x_wconf 80' lang='grc' dir='ltr'><strong><em>μοίρᾳ</em></strong></span> <span class='ocrx_word' id='word_1_221' title='bbox 599 2493 717 2540; x_wconf 83' lang='grc' dir='ltr'><strong><em>εἶναι</em></strong></span> <span class='ocrx_word' id='word_1_222' title='bbox 729 2484 892 2539; x_wconf 82' lang='lat' dir='ltr'><strong>dicitm‘·</strong></span> <span class='ocrx_word' id='word_1_223' title='bbox 919 2511 947 2551; x_wconf 89' lang='lat' dir='ltr'>q</span> <span class='ocrx_word' id='word_1_224' title='bbox 960 2509 990 2537; x_wconf 90' lang='lat' dir='ltr'>u</span> <span class='ocrx_word' id='word_1_225' title='bbox 1001 2511 1027 2539; x_wconf 91' lang='grc' dir='ltr'><strong><em>ο</em></strong></span> <span class='ocrx_word' id='word_1_226' title='bbox 1038 2497 1067 2537; x_wconf 84' lang='lat' dir='ltr'>d</span> 
     </span>
     <span class='ocr_line' id='line_1_33' title="bbox 252 2553 1067 2621; baseline -0.001 -25"><span class='ocrx_word' id='word_1_227' title='bbox 252 2554 463 2621; x_wconf 66' lang='lat' dir='ltr'>pluris</span> <span class='ocrx_word' id='word_1_228' title='bbox 490 2553 855 2609; x_wconf 76' lang='lat' dir='ltr'><strong>aestimatur,</strong></span> <span class='ocrx_word' id='word_1_229' title='bbox 917 2554 1067 2609; x_wconf 88' lang='lat' dir='ltr'><strong>quod</strong></span> 
     </span>
    </p>
   </div>
   <div class='ocr_carea' id='block_1_10' title="bbox 250 2609 1068 2711">
    <p class='ocr_par' dir='ltr' id='par_1_10' title="bbox 250 2609 1068 2711">
     <span class='ocr_line' id='line_1_34' title="bbox 251 2609 1068 2666; baseline -0.001 -13"><span class='ocrx_word' id='word_1_230' title='bbox 251 2625 312 2654; x_wconf 88' lang='grc' dir='ltr'><strong><em>ιιι</em></strong></span> <span class='ocrx_word' id='word_1_231' title='bbox 358 2609 570 2653; x_wconf 80' lang='lat' dir='ltr'><strong>maiore</strong></span> <span class='ocrx_word' id='word_1_232' title='bbox 623 2610 817 2666; x_wconf 82' lang='lat' dir='ltr'><strong>pretio</strong></span> <span class='ocrx_word' id='word_1_233' title='bbox 868 2615 961 2653; x_wconf 85' lang='lat' dir='ltr'><strong><em>est</em></strong></span> <span class='ocrx_word' id='word_1_234' title='bbox 1016 2614 1068 2653; x_wconf 83' lang='lat' dir='ltr'><strong><em>et</em></strong></span> 
     </span>
     <span class='ocr_line' id='line_1_35' title="bbox 250 2667 1068 2711; baseline 0 -1"><span class='ocrx_word' id='word_1_235' title='bbox 250 2667 512 2710; x_wconf 49' lang='lat' dir='ltr'><strong>honorem</strong></span> <span class='ocrx_word' id='word_1_236' title='bbox 498 2685 520 2707; x_wconf 88' lang='lat'>«</span> <span class='ocrx_word' id='word_1_237' title='bbox 545 2667 1068 2711; x_wconf 79' lang='lat' dir='ltr'><strong>Fisch.Cf.Va1cke-</strong></span> 
     </span>
    </p>
   </div>
   <div class='ocr_carea' id='block_1_11' title="bbox 248 2723 1065 3465">
    <p class='ocr_par' dir='ltr' id='par_1_11' title="bbox 248 2723 1065 2897">
     <span class='ocr_line' id='line_1_36' title="bbox 251 2723 1065 2767; baseline -0.001 0"><span class='ocrx_word' id='word_1_238' title='bbox 251 2738 368 2767; x_wconf 81' lang='lat' dir='ltr'><strong>nar.</strong></span> <span class='ocrx_word' id='word_1_239' title='bbox 412 2725 468 2766; x_wconf 75' lang='lat' dir='ltr'><strong><em>ad</em></strong></span> <span class='ocrx_word' id='word_1_240' title='bbox 497 2725 710 2767; x_wconf 80' lang='lat' dir='ltr'><strong>Herodot.</strong></span> <span class='ocrx_word' id='word_1_241' title='bbox 737 2723 819 2766; x_wconf 91' lang='grc' dir='ltr'><strong><em>ΙΙΙ</em></strong></span> <span class='ocrx_word' id='word_1_242' title='bbox 854 2724 950 2767; x_wconf 80' lang='grc'><strong>172.</strong></span> <span class='ocrx_word' id='word_1_243' title='bbox 984 2724 1065 2767; x_wconf 83' lang='lat' dir='ltr'><strong><em>ubi</em></strong></span> 
     </span>
     <span class='ocr_line' id='line_1_37' title="bbox 248 2775 1063 2837; baseline 0.003 -13"><span class='ocrx_word' id='word_1_244' title='bbox 248 2781 372 2826; x_wconf 66' lang='lat' dir='ltr'><strong>haec&gt;</strong></span> <span class='ocrx_word' id='word_1_245' title='bbox 395 2782 630 2837; x_wconf 72' lang='lat' dir='ltr'>leguntur:</span> <span class='ocrx_word' id='word_1_246' title='bbox 680 2775 825 2824; x_wconf 73' lang='grc' dir='ltr'><strong><em>αὐτὸν</em></strong></span> <span class='ocrx_word' id='word_1_247' title='bbox 858 2778 908 2824; x_wconf 78' lang='grc' dir='ltr'><strong><em>ἐν</em></strong></span> <span class='ocrx_word' id='word_1_248' title='bbox 931 2776 1063 2826; x_wconf 84' lang='grc' dir='ltr'><strong><em>ον’δε-</em></strong></span> 
     </span>
     <span class='ocr_line' id='line_1_38' title="bbox 248 2814 839 2912; baseline 0.002 -31"><span class='ocrx_word' id='word_1_249' title='bbox 248 2838 335 2897; x_wconf 79' lang='grc' dir='ltr'><strong><em>μίᾳ</em></strong></span> <span class='ocrx_word' id='word_1_250' title='bbox 357 2814 527 2912; x_wconf 78' lang='grc' dir='ltr'><strong><em>μεγάλῃ</em></strong></span> <span class='ocrx_word' id='word_1_251' title='bbox 548 2839 702 2909; x_wconf 84' lang='grc' dir='ltr'><strong><em>μοίρῃ</em></strong></span> <span class='ocrx_word' id='word_1_252' title='bbox 712 2831 839 2893; x_wconf 81' lang='grc' dir='ltr'><strong><em>ἠγον.</em></strong></span> 
     </span>
    </p>

    <p class='ocr_par' dir='ltr' id='par_1_12' title="bbox 248 2890 1065 3465">
     <span class='ocr_line' id='line_1_39' title="bbox 306 2890 1065 2952; baseline -0.004 -13"><span class='ocrx_word' id='word_1_253' title='bbox 306 2892 431 2952; x_wconf 82' lang='grc' dir='ltr'><strong><em>καὶῆ</em></strong></span> <span class='ocrx_word' id='word_1_254' title='bbox 450 2897 645 2951; x_wconf 79' lang='grc' dir='ltr'><strong><em>πείθειν,</em></strong></span> <span class='ocrx_word' id='word_1_255' title='bbox 671 2890 701 2952; x_wconf 81' lang='grc' dir='ltr'>ὴ</span> <span class='ocrx_word' id='word_1_256' title='bbox 694 2891 889 2950; x_wconf 82' lang='grc' dir='ltr'><strong><em>ποιεῖν]</em></strong></span> <span class='ocrx_word' id='word_1_257' title='bbox 921 2893 1065 2937; x_wconf 74' lang='lat' dir='ltr'><strong>»Aut</strong></span> 
     </span>
     <span class='ocr_line' id='line_1_40' title="bbox 251 2951 1062 3010; baseline -0.001 -15"><span class='ocrx_word' id='word_1_258' title='bbox 251 2953 654 3010; x_wconf 77' lang='lat' dir='ltr'><strong>persuadendo</strong></span> <span class='ocrx_word' id='word_1_259' title='bbox 713 2951 1062 2995; x_wconf 80' lang='lat' dir='ltr'><strong>contendere</strong></span> 
     </span>
     <span class='ocr_line' id='line_1_41' title="bbox 250 3009 1063 3066; baseline -0.001 -13"><span class='ocrx_word' id='word_1_260' title='bbox 250 3016 304 3054; x_wconf 79' lang='lat' dir='ltr'><strong><em>te</em></strong></span> <span class='ocrx_word' id='word_1_261' title='bbox 331 3015 611 3066; x_wconf 48' lang='lat' dir='ltr'><strong>oportmme</strong></span> <span class='ocrx_word' id='word_1_262' title='bbox 620 3026 641 3048; x_wconf 84' lang='lat'><strong><em>«</em></strong></span> <span class='ocrx_word' id='word_1_263' title='bbox 671 3009 929 3051; x_wconf 73' lang='lat' dir='ltr'><strong>wolfius.</strong></span> <span class='ocrx_word' id='word_1_264' title='bbox 983 3009 1063 3052; x_wconf 83' lang='lat' dir='ltr'><strong><em>Ni-</em></strong></span> 
     </span>
     <span class='ocr_line' id='line_1_42' title="bbox 249 3066 1061 3121; baseline -0.001 -12"><span class='ocrx_word' id='word_1_265' title='bbox 249 3067 416 3109; x_wconf 83' lang='lat' dir='ltr'>mirum</span> <span class='ocrx_word' id='word_1_266' title='bbox 467 3067 649 3111; x_wconf 76' lang='grc' dir='ltr'><strong><em>πείθειν</em></strong></span> <span class='ocrx_word' id='word_1_267' title='bbox 697 3069 763 3109; x_wconf 74' lang='lat' dir='ltr'><strong><em>est</em></strong></span> <span class='ocrx_word' id='word_1_268' title='bbox 821 3066 1061 3121; x_wconf 80' lang='lat' dir='ltr'><strong>placare</strong></span> 
     </span>
     <span class='ocr_line' id='line_1_43' title="bbox 250 3122 1062 3176; baseline -0.004 -10"><span class='ocrx_word' id='word_1_269' title='bbox 250 3123 540 3176; x_wconf 74' lang='lat' dir='ltr'><strong>oratione,</strong></span> <span class='ocrx_word' id='word_1_270' title='bbox 596 3123 681 3165; x_wconf 80' lang='lat' dir='ltr'><strong><em>ita</em></strong></span> <span class='ocrx_word' id='word_1_271' title='bbox 728 3127 789 3164; x_wconf 90' lang='grc' dir='ltr'><strong><em>ιιι</em></strong></span> <span class='ocrx_word' id='word_1_272' title='bbox 832 3122 1062 3176; x_wconf 81' lang='lat' dir='ltr'>docens,</span> 
     </span>
     <span class='ocr_line' id='line_1_44' title="bbox 249 3179 1064 3235; baseline -0.001 -13"><span class='ocrx_word' id='word_1_273' title='bbox 249 3181 530 3235; x_wconf 86' lang='lat' dir='ltr'><strong>quomodo</strong></span> <span class='ocrx_word' id='word_1_274' title='bbox 567 3193 658 3222; x_wconf 77' lang='lat' dir='ltr'><strong><em>res</em></strong></span> <span class='ocrx_word' id='word_1_275' title='bbox 686 3179 921 3230; x_wconf 77' lang='lat' dir='ltr'>habent3</span> <span class='ocrx_word' id='word_1_276' title='bbox 950 3194 1064 3221; x_wconf 81' lang='lat' dir='ltr'><strong><em>me-</em></strong></span> 
     </span>
     <span class='ocr_line' id='line_1_45' title="bbox 248 3234 1061 3292; baseline 0 -14"><span class='ocrx_word' id='word_1_277' title='bbox 248 3235 408 3280; x_wconf 84' lang='lat' dir='ltr'><strong>liora</strong></span> <span class='ocrx_word' id='word_1_278' title='bbox 432 3239 645 3282; x_wconf 72' lang='lat' dir='ltr'><strong>docem.</strong></span> <span class='ocrx_word' id='word_1_279' title='bbox 673 3251 712 3278; x_wconf 88' lang='lat' dir='ltr'><strong>v.</strong></span> <span class='ocrx_word' id='word_1_280' title='bbox 732 3237 918 3291; x_wconf 84' lang='lat' dir='ltr'><strong>Apolog.</strong></span> <span class='ocrx_word' id='word_1_281' title='bbox 936 3251 976 3292; x_wconf 91' lang='grc' dir='ltr'><strong><em>Ρ.</em></strong></span> <span class='ocrx_word' id='word_1_282' title='bbox 989 3234 1061 3278; x_wconf 81' lang='lat'><strong><em>35.</em></strong></span> 
     </span>
     <span class='ocr_line' id='line_1_46' title="bbox 249 3291 1064 3348; baseline 0 -13"><span class='ocrx_word' id='word_1_283' title='bbox 249 3293 325 3348; x_wconf 71' lang='lat' dir='ltr'><strong><em>G,</em></strong></span> <span class='ocrx_word' id='word_1_284' title='bbox 381 3293 459 3336; x_wconf 84' lang='lat' dir='ltr'><strong><em>ubi</em></strong></span> <span class='ocrx_word' id='word_1_285' title='bbox 497 3291 731 3338; x_wconf 81' lang='grc' dir='ltr'><strong><em>διδάσκειν</em></strong></span> <span class='ocrx_word' id='word_1_286' title='bbox 765 3291 844 3335; x_wconf 81' lang='grc' dir='ltr'><strong><em>καὶ</em></strong></span> <span class='ocrx_word' id='word_1_287' title='bbox 881 3294 1064 3337; x_wconf 78' lang='grc' dir='ltr'><strong><em>πείθειν</em></strong></span> 
     </span>
     <span class='ocr_line' id='line_1_47' title="bbox 249 3350 1065 3418; baseline 0.004 -27"><span class='ocrx_word' id='word_1_288' title='bbox 249 3350 590 3418; x_wconf 64' lang='lat' dir='ltr'><strong>coniunguntur.</strong></span> <span class='ocrx_word' id='word_1_289' title='bbox 634 3350 797 3392; x_wconf 82' lang='lat' dir='ltr'><strong>Paullo</strong></span> <span class='ocrx_word' id='word_1_290' title='bbox 818 3354 937 3405; x_wconf 79' lang='lat' dir='ltr'><strong>post.</strong></span> <span class='ocrx_word' id='word_1_291' title='bbox 968 3350 1065 3394; x_wconf 82' lang='grc' dir='ltr'><strong><em>πεί-</em></strong></span> 
     </span>
     <span class='ocr_line' id='line_1_48' title="bbox 248 3399 910 3465; baseline -0.003 -14"><span class='ocrx_word' id='word_1_292' title='bbox 248 3399 405 3451; x_wconf 72' lang='grc' dir='ltr'><strong><em>θειν</em></strong></span> <span class='ocrx_word' id='word_1_293' title='bbox 377 3424 406 3465; x_wconf 88' lang='grc' dir='ltr'><strong><em>ῃ</em></strong></span> <span class='ocrx_word' id='word_1_294' title='bbox 430 3403 483 3451; x_wconf 81' lang='grc' dir='ltr'><strong><em>τὸ</em></strong></span> <span class='ocrx_word' id='word_1_295' title='bbox 511 3408 696 3465; x_wconf 41' lang='grc' dir='ltr'><strong><em>δίκςαιον</em></strong></span> <span class='ocrx_word' id='word_1_296' title='bbox 719 3404 910 3460; x_wconf 81' lang='grc' dir='ltr'><strong><em>πέφυκε.</em></strong></span> 
     </span>
    </p>
   </div>
   <div class='ocr_carea' id='block_1_12' title="bbox 1127 1740 1951 3294">
    <p class='ocr_par' dir='ltr' id='par_1_13' title="bbox 1131 1740 1951 2712">
     <span class='ocr_line' id='line_1_49' title="bbox 1193 1740 1947 1807; baseline -0.003 -14"><span class='ocrx_word' id='word_1_297' title='bbox 1193 1751 1242 1794; x_wconf 84' lang='lat' dir='ltr'><strong>C.</strong></span> <span class='ocrx_word' id='word_1_298' title='bbox 1303 1769 1331 1807; x_wconf 91' lang='grc' dir='ltr'><strong><em>η</em></strong></span> <span class='ocrx_word' id='word_1_299' title='bbox 1364 1749 1547 1795; x_wconf 82' lang='grc' dir='ltr'><strong><em>πείθειν</em></strong></span> <span class='ocrx_word' id='word_1_300' title='bbox 1581 1743 1729 1804; x_wconf 82' lang='grc' dir='ltr'><strong><em>αυτὴν</em></strong></span> <span class='ocrx_word' id='word_1_301' title='bbox 1755 1740 1786 1807; x_wconf 85' lang='grc' dir='ltr'>ᾗ</span> <span class='ocrx_word' id='word_1_302' title='bbox 1819 1743 1873 1792; x_wconf 83' lang='grc' dir='ltr'><strong><em>τὸ</em></strong></span> <span class='ocrx_word' id='word_1_303' title='bbox 1905 1749 1947 1792; x_wconf 91' lang='grc' dir='ltr'><strong><em>δ.</em></strong></span> 
     </span>
     <span class='ocr_line' id='line_1_50' title="bbox 1134 1806 1947 1865; baseline -0.006 -13"><span class='ocrx_word' id='word_1_304' title='bbox 1134 1806 1268 1865; x_wconf 82' lang='grc' dir='ltr'><strong><em>πέφ.]</em></strong></span> <span class='ocrx_word' id='word_1_305' title='bbox 1300 1809 1545 1851; x_wconf 79' lang='lat' dir='ltr'>Infinitivus</span> <span class='ocrx_word' id='word_1_306' title='bbox 1576 1807 1758 1851; x_wconf 80' lang='grc' dir='ltr'><strong><em>πείθειν</em></strong></span> <span class='ocrx_word' id='word_1_307' title='bbox 1778 1807 1947 1861; x_wconf 80' lang='lat' dir='ltr'><strong>positus</strong></span> 
     </span>
     <span class='ocr_line' id='line_1_51' title="bbox 1137 1865 1947 1921; baseline -0.001 -13"><span class='ocrx_word' id='word_1_308' title='bbox 1137 1874 1203 1908; x_wconf 81' lang='lat' dir='ltr'><strong><em>est</em></strong></span> <span class='ocrx_word' id='word_1_309' title='bbox 1227 1881 1278 1908; x_wconf 83' lang='lat' dir='ltr'><strong><em>ac</em></strong></span> <span class='ocrx_word' id='word_1_310' title='bbox 1294 1867 1332 1909; x_wconf 83' lang='lat' dir='ltr'><strong><em>si</em></strong></span> <span class='ocrx_word' id='word_1_311' title='bbox 1353 1881 1554 1921; x_wconf 78' lang='lat' dir='ltr'><strong>praeces</strong></span> <span class='ocrx_word' id='word_1_312' title='bbox 1535 1866 1616 1908; x_wconf 58' lang='lat' dir='ltr'><strong><em>sis,</em></strong></span> <span class='ocrx_word' id='word_1_313' title='bbox 1602 1870 1662 1907; x_wconf 82' lang='lat' dir='ltr'><strong><em>et</em></strong></span> <span class='ocrx_word' id='word_1_314' title='bbox 1686 1867 1839 1908; x_wconf 79' lang='grc' dir='ltr'><strong><em>ποιεῖν</em></strong></span> <span class='ocrx_word' id='word_1_315' title='bbox 1863 1865 1947 1917; x_wconf 82' lang='grc' dir='ltr'><strong><em>δεῖ,</em></strong></span> 
     </span>
     <span class='ocr_line' id='line_1_52' title="bbox 1136 1921 1950 1991; baseline -0.001 -27"><span class='ocrx_word' id='word_1_316' title='bbox 1136 1938 1248 1979; x_wconf 80' lang='lat' dir='ltr'><strong>quae</strong></span> <span class='ocrx_word' id='word_1_317' title='bbox 1274 1923 1388 1966; x_wconf 81' lang='lat' dir='ltr'>ratio</span> <span class='ocrx_word' id='word_1_318' title='bbox 1425 1929 1490 1966; x_wconf 79' lang='lat' dir='ltr'><strong><em>est</em></strong></span> <span class='ocrx_word' id='word_1_319' title='bbox 1524 1924 1659 1978; x_wconf 81' lang='lat' dir='ltr'><strong>longe</strong></span> <span class='ocrx_word' id='word_1_320' title='bbox 1684 1921 1950 1991; x_wconf 75' lang='lat' dir='ltr'>frequentis-</span> 
     </span>
     <span class='ocr_line' id='line_1_53' title="bbox 1137 1976 1946 2048; baseline -0.004 -25"><span class='ocrx_word' id='word_1_321' title='bbox 1137 1981 1263 2023; x_wconf 79' lang='lat' dir='ltr'><strong>sima.</strong></span> <span class='ocrx_word' id='word_1_322' title='bbox 1309 1982 1516 2048; x_wconf 82' lang='lat' dir='ltr'><strong>Go1g.p.</strong></span> <span class='ocrx_word' id='word_1_323' title='bbox 1538 1980 1635 2022; x_wconf 78' lang='grc'><strong>492.</strong></span> <span class='ocrx_word' id='word_1_324' title='bbox 1661 1979 1716 2023; x_wconf 92' lang='lat' dir='ltr'><strong>D.</strong></span> <span class='ocrx_word' id='word_1_325' title='bbox 1754 1976 1839 2028; x_wconf 83' lang='grc' dir='ltr'><strong><em>τὰς</em></strong></span> <span class='ocrx_word' id='word_1_326' title='bbox 1862 1976 1946 2033; x_wconf 73' lang='grc' dir='ltr'><strong><em>μὲν</em></strong></span> 
     </span>
     <span class='ocr_line' id='line_1_54' title="bbox 1136 2033 1951 2095; baseline -0.004 -14"><span class='ocrx_word' id='word_1_327' title='bbox 1136 2037 1390 2093; x_wconf 82' lang='grc' dir='ltr'><strong><em>επιθυμίας</em></strong></span> <span class='ocrx_word' id='word_1_328' title='bbox 1411 2034 1502 2095; x_wconf 74' lang='grc' dir='ltr'><strong><em>φὴς</em></strong></span> <span class='ocrx_word' id='word_1_329' title='bbox 1525 2033 1580 2080; x_wconf 78' lang='grc' dir='ltr'><strong><em>οὗ</em></strong></span> <span class='ocrx_word' id='word_1_330' title='bbox 1605 2033 1876 2088; x_wconf 79' lang='grc' dir='ltr'><strong><em>κολαστέον,</em></strong></span> <span class='ocrx_word' id='word_1_331' title='bbox 1907 2035 1951 2079; x_wconf 79' lang='grc' dir='ltr'><strong><em>εἰ</em></strong></span> 
     </span>
     <span class='ocr_line' id='line_1_55' title="bbox 1132 2090 1947 2163; baseline -0.002 -24"><span class='ocrx_word' id='word_1_332' title='bbox 1132 2094 1280 2163; x_wconf 80' lang='grc' dir='ltr'><strong><em>μέλλει</em></strong></span> <span class='ocrx_word' id='word_1_333' title='bbox 1307 2112 1377 2146; x_wconf 84' lang='grc' dir='ltr'><strong><em>τις</em></strong></span> <span class='ocrx_word' id='word_1_334' title='bbox 1397 2095 1498 2139; x_wconf 80' lang='grc' dir='ltr'><strong><em>οἷον</em></strong></span> <span class='ocrx_word' id='word_1_335' title='bbox 1531 2096 1601 2138; x_wconf 83' lang='grc' dir='ltr'><strong><em>δεῖ</em></strong></span> <span class='ocrx_word' id='word_1_336' title='bbox 1623 2092 1765 2146; x_wconf 83' lang='grc' dir='ltr'><strong><em>εἶναι,</em></strong></span> <span class='ocrx_word' id='word_1_337' title='bbox 1799 2090 1947 2137; x_wconf 79' lang='grc' dir='ltr'><strong><em>ἐῶντα</em></strong></span> 
     </span>
     <span class='ocr_line' id='line_1_56' title="bbox 1135 2126 1945 2222; baseline -0.002 -26"><span class='ocrx_word' id='word_1_338' title='bbox 1135 2152 1184 2196; x_wconf 86' lang='grc' dir='ltr'><strong><em>δε</em></strong></span> <span class='ocrx_word' id='word_1_339' title='bbox 1214 2148 1369 2204; x_wconf 79' lang='grc' dir='ltr'><strong><em>αὐτὰς</em></strong></span> <span class='ocrx_word' id='word_1_340' title='bbox 1393 2150 1454 2202; x_wconf 81' lang='grc' dir='ltr'><strong><em>ιὸς</em></strong></span> <span class='ocrx_word' id='word_1_341' title='bbox 1476 2152 1690 2222; x_wconf 74' lang='grc' dir='ltr'><strong><em>μεγίστας</em></strong></span> <span class='ocrx_word' id='word_1_342' title='bbox 1713 2126 1945 2208; x_wconf 78' lang='grc' dir='ltr'><strong><em>πλήρωσιν</em></strong></span> 
     </span>
     <span class='ocr_line' id='line_1_57' title="bbox 1134 2207 1944 2264; baseline -0.004 -10"><span class='ocrx_word' id='word_1_343' title='bbox 1134 2207 1334 2254; x_wconf 71' lang='grc' dir='ltr'><strong><em>ἄλλοθέν</em></strong></span> <span class='ocrx_word' id='word_1_344' title='bbox 1382 2209 1432 2264; x_wconf 79' lang='grc' dir='ltr'><strong><em>γε’</em></strong></span> <span class='ocrx_word' id='word_1_345' title='bbox 1481 2212 1634 2253; x_wconf 85' lang='grc' dir='ltr'><strong><em>ποθεν</em></strong></span> <span class='ocrx_word' id='word_1_346' title='bbox 1674 2207 1944 2261; x_wconf 76' lang='grc' dir='ltr'><strong><em>ετοιμάζειν.</em></strong></span> 
     </span>
     <span class='ocr_line' id='line_1_58' title="bbox 1135 2265 1946 2321; baseline -0.005 -11"><span class='ocrx_word' id='word_1_347' title='bbox 1135 2268 1215 2311; x_wconf 84' lang='lat' dir='ltr'><strong><em>ubi</em></strong></span> <span class='ocrx_word' id='word_1_348' title='bbox 1247 2267 1653 2310; x_wconf 79' lang='lat' dir='ltr'><strong>Heindorfius.</strong></span> <span class='ocrx_word' id='word_1_349' title='bbox 1693 2265 1849 2321; x_wconf 82' lang='lat' dir='ltr'>»Supp</span> <span class='ocrx_word' id='word_1_350' title='bbox 1853 2267 1946 2306; x_wconf 75' lang='lat' dir='ltr'>len-</span> 
     </span>
     <span class='ocr_line' id='line_1_59' title="bbox 1135 2322 1944 2380; baseline -0.004 -14"><span class='ocrx_word' id='word_1_351' title='bbox 1135 2327 1242 2367; x_wconf 83' lang='lat' dir='ltr'><strong><em>dum</em></strong></span> <span class='ocrx_word' id='word_1_352' title='bbox 1278 2327 1397 2378; x_wconf 85' lang='grc' dir='ltr'><strong><em>δεῖν,</em></strong></span> <span class='ocrx_word' id='word_1_353' title='bbox 1448 2324 1565 2380; x_wconf 86' lang='lat' dir='ltr'>quod</span> <span class='ocrx_word' id='word_1_354' title='bbox 1592 2324 1759 2365; x_wconf 82' lang='lat' dir='ltr'><strong>latebat</strong></span> <span class='ocrx_word' id='word_1_355' title='bbox 1791 2323 1835 2364; x_wconf 88' lang='lat' dir='ltr'><strong><em>in</em></strong></span> <span class='ocrx_word' id='word_1_356' title='bbox 1864 2322 1944 2364; x_wconf 81' lang='lat' dir='ltr'><strong><em>ino</em></strong></span> 
     </span>
     <span class='ocr_line' id='line_1_60' title="bbox 1133 2379 1943 2435; baseline -0.006 -10"><span class='ocrx_word' id='word_1_357' title='bbox 1133 2381 1392 2425; x_wconf 83' lang='grc' dir='ltr'><strong><em>κολαστέον.</em></strong></span> <span class='ocrx_word' id='word_1_358' title='bbox 1409 2398 1432 2420; x_wconf 84' lang='grc'>«</span> <span class='ocrx_word' id='word_1_359' title='bbox 1469 2382 1618 2423; x_wconf 61' lang='lat' dir='ltr'><strong><em>xeno</em></strong></span> <span class='ocrx_word' id='word_1_360' title='bbox 1636 2380 1719 2435; x_wconf 83' lang='lat' dir='ltr'><strong><em>ph</em></strong></span> <span class='ocrx_word' id='word_1_361' title='bbox 1746 2379 1880 2421; x_wconf 85' lang='lat' dir='ltr'><strong>Mem.</strong></span> <span class='ocrx_word' id='word_1_362' title='bbox 1906 2379 1943 2421; x_wconf 90' lang='lat' dir='ltr'><strong>I.</strong></span> 
     </span>
     <span class='ocr_line' id='line_1_61' title="bbox 1132 2433 1943 2508; baseline -0.004 -27"><span class='ocrx_word' id='word_1_363' title='bbox 1132 2439 1175 2491; x_wconf 88' lang='grc'><strong><em>5,</em></strong></span> <span class='ocrx_word' id='word_1_364' title='bbox 1203 2438 1245 2481; x_wconf 90' lang='grc'><strong><em>5.</em></strong></span> <span class='ocrx_word' id='word_1_365' title='bbox 1279 2437 1380 2507; x_wconf 76' lang='grc' dir='ltr'><strong><em>ἐμοὶ</em></strong></span> <span class='ocrx_word' id='word_1_366' title='bbox 1403 2454 1485 2508; x_wconf 86' lang='grc' dir='ltr'><strong><em>μεν</em></strong></span> <span class='ocrx_word' id='word_1_367' title='bbox 1507 2439 1634 2481; x_wconf 82' lang='grc' dir='ltr'><strong><em>δοκεῖ</em></strong></span> <span class='ocrx_word' id='word_1_368' title='bbox 1657 2459 1686 2468; x_wconf 90' lang='grc'><strong>-</strong></span> <span class='ocrx_word' id='word_1_369' title='bbox 1717 2433 1943 2506; x_wconf 77' lang='grc' dir='ltr'><strong><em>ἐλευθέρῳ</em></strong></span> 
     </span>
     <span class='ocr_line' id='line_1_62' title="bbox 1135 2472 1943 2566; baseline -0.005 -26"><span class='ocrx_word' id='word_1_370' title='bbox 1135 2472 1273 2566; x_wconf 73' lang='grc' dir='ltr'><strong><em>ἀνδρὶ</em></strong></span> <span class='ocrx_word' id='word_1_371' title='bbox 1314 2491 1498 2541; x_wconf 75' lang='grc' dir='ltr'><strong><em>εὐκτέον</em></strong></span> <span class='ocrx_word' id='word_1_372' title='bbox 1539 2491 1660 2538; x_wconf 81' lang='grc' dir='ltr'><strong><em>εἶναι</em></strong></span> <span class='ocrx_word' id='word_1_373' title='bbox 1691 2491 1754 2547; x_wconf 86' lang='grc' dir='ltr'><strong><em>μὴ</em></strong></span> <span class='ocrx_word' id='word_1_374' title='bbox 1789 2499 1943 2563; x_wconf 84' lang='grc' dir='ltr'><strong><em>τυχεῖν</em></strong></span> 
     </span>
     <span class='ocr_line' id='line_1_63' title="bbox 1133 2549 1943 2619; baseline -0.004 -22"><span class='ocrx_word' id='word_1_375' title='bbox 1133 2552 1305 2597; x_wconf 83' lang='grc' dir='ltr'><strong><em>δούλου</em></strong></span> <span class='ocrx_word' id='word_1_376' title='bbox 1351 2549 1600 2619; x_wconf 84' lang='grc' dir='ltr'><strong><em>τοιούτου,</em></strong></span> <span class='ocrx_word' id='word_1_377' title='bbox 1659 2549 1943 2594; x_wconf 83' lang='grc' dir='ltr'><strong><em>δουλεύοντα</em></strong></span> 
     </span>
     <span class='ocr_line' id='line_1_64' title="bbox 1133 2585 1941 2656; baseline -0.004 -2"><span class='ocrx_word' id='word_1_378' title='bbox 1133 2609 1232 2654; x_wconf 89' lang='grc' dir='ltr'><strong><em>δε-</em></strong></span> <span class='ocrx_word' id='word_1_379' title='bbox 1263 2606 1478 2654; x_wconf 77' lang='grc' dir='ltr'><strong><em>ἱκετεύειν</em></strong></span> <span class='ocrx_word' id='word_1_380' title='bbox 1497 2585 1607 2656; x_wconf 80' lang='grc' dir='ltr'><strong><em>τοὺς</em></strong></span> <span class='ocrx_word' id='word_1_381' title='bbox 1626 2604 1825 2655; x_wconf 85' lang='grc' dir='ltr'><strong><em>θεούςκ.</em></strong></span> <span class='ocrx_word' id='word_1_382' title='bbox 1847 2625 1885 2652; x_wconf 87' lang='grc' dir='ltr'><strong><em>τ.</em></strong></span> <span class='ocrx_word' id='word_1_383' title='bbox 1903 2611 1941 2651; x_wconf 84' lang='grc' dir='ltr'><strong><em>λ.</em></strong></span> 
     </span>
     <span class='ocr_line' id='line_1_65' title="bbox 1131 2664 1941 2712; baseline -0.005 -1"><span class='ocrx_word' id='word_1_384' title='bbox 1131 2667 1364 2712; x_wconf 82' lang='lat' dir='ltr'><strong>Lucian.</strong></span> <span class='ocrx_word' id='word_1_385' title='bbox 1391 2666 1656 2709; x_wconf 80' lang='lat' dir='ltr'><strong>Hennotim.</strong></span> <span class='ocrx_word' id='word_1_386' title='bbox 1680 2680 1719 2707; x_wconf 82' lang='grc' dir='ltr'><strong>ο.</strong></span> <span class='ocrx_word' id='word_1_387' title='bbox 1741 2664 1811 2707; x_wconf 82' lang='lat'><strong>23.</strong></span> <span class='ocrx_word' id='word_1_388' title='bbox 1836 2666 1941 2708; x_wconf 82' lang='grc'><strong>’1,1.</strong></span> 
     </span>
    </p>

    <p class='ocr_par' dir='ltr' id='par_1_14' title="bbox 1127 2719 1943 3294">
     <span class='ocr_line' id='line_1_66' title="bbox 1130 2719 1943 2781; baseline -0.001 -13.915"><span class='ocrx_word' id='word_1_389' title='bbox 1130 2725 1291 2781; x_wconf 75' lang='lat' dir='ltr'><strong>p.761.</strong></span> <span class='ocrx_word' id='word_1_390' title='bbox 1322 2721 1507 2767; x_wconf 83' lang='grc' dir='ltr'><strong><em>πάντων</em></strong></span> <span class='ocrx_word' id='word_1_391' title='bbox 1525 2720 1722 2778; x_wconf 84' lang='grc' dir='ltr'><strong><em>μάλιστα</em></strong></span> <span class='ocrx_word' id='word_1_392' title='bbox 1739 2719 1814 2764; x_wconf 75' lang='grc' dir='ltr'><strong><em>ἐπὶ</em></strong></span> <span class='ocrx_word' id='word_1_393' title='bbox 1835 2719 1943 2766; x_wconf 83' lang='grc' dir='ltr'><strong><em>τού·</em></strong></span> 
     </span>
     <span class='ocr_line' id='line_1_67' title="bbox 1129 2773 1941 2839; baseline -0.002 -14"><span class='ocrx_word' id='word_1_394' title='bbox 1129 2798 1194 2839; x_wconf 83' lang='grc' dir='ltr'><strong><em>τῳ</em></strong></span> <span class='ocrx_word' id='word_1_395' title='bbox 1221 2779 1562 2835; x_wconf 82' lang='grc' dir='ltr'><strong><em>σπουδαστέον,</em></strong></span> <span class='ocrx_word' id='word_1_396' title='bbox 1601 2780 1696 2822; x_wconf 79' lang='grc' dir='ltr'><strong><em>τῶν</em></strong></span> <span class='ocrx_word' id='word_1_397' title='bbox 1731 2773 1768 2822; x_wconf 76' lang='grc' dir='ltr'><strong><em>δ’</em></strong></span> <span class='ocrx_word' id='word_1_398' title='bbox 1794 2773 1941 2823; x_wconf 85' lang='grc' dir='ltr'><strong><em>αλλων</em></strong></span> 
     </span>
     <span class='ocr_line' id='line_1_68' title="bbox 1129 2826 1942 2907; baseline -0.005 -24"><span class='ocrx_word' id='word_1_399' title='bbox 1129 2826 1399 2907; x_wconf 74' lang='grc' dir='ltr'><strong><em>ἀμελητέον,</em></strong></span> <span class='ocrx_word' id='word_1_400' title='bbox 1433 2838 1508 2881; x_wconf 79' lang='grc' dir='ltr'><strong><em>καὶ</em></strong></span> <span class='ocrx_word' id='word_1_401' title='bbox 1529 2834 1644 2893; x_wconf 85' lang='grc' dir='ltr'><strong><em>μηδε</em></strong></span> <span class='ocrx_word' id='word_1_402' title='bbox 1648 2837 1942 2906; x_wconf 78' lang='grc' dir='ltr'><strong><em>πατρίδος-</em></strong></span> 
     </span>
     <span class='ocr_line' id='line_1_69' title="bbox 1127 2891 1941 2950; baseline -0.004 -10"><span class='ocrx_word' id='word_1_403' title='bbox 1127 2893 1276 2940; x_wconf 81' lang='grc' dir='ltr'><strong><em>πολύν</em></strong></span> <span class='ocrx_word' id='word_1_404' title='bbox 1322 2898 1565 2939; x_wconf 81' lang='grc' dir='ltr'><strong><em>ποιεῖσθαι</em></strong></span> <span class='ocrx_word' id='word_1_405' title='bbox 1609 2891 1768 2949; x_wconf 83' lang='grc' dir='ltr'><strong><em>λόγον,</em></strong></span> <span class='ocrx_word' id='word_1_406' title='bbox 1825 2891 1941 2950; x_wconf 80' lang='grc' dir='ltr'><strong><em>μήτε.</em></strong></span> 
     </span>
     <span class='ocr_line' id='line_1_70' title="bbox 1127 2948 1941 3023; baseline -0.003 -27"><span class='ocrx_word' id='word_1_407' title='bbox 1127 2948 1356 3023; x_wconf 77' lang='grc' dir='ltr'><strong><em>παίδωνῆ</em></strong></span> <span class='ocrx_word' id='word_1_408' title='bbox 1389 2952 1617 3007; x_wconf 79' lang='grc' dir='ltr'><strong><em>γονέων-</em></strong></span> <span class='ocrx_word' id='word_1_409' title='bbox 1637 2949 1941 3019; x_wconf 73' lang='grc' dir='ltr'><strong><em>ἐπικλᾶσθαι,</em></strong></span> 
     </span>
     <span class='ocr_line' id='line_1_71' title="bbox 1129 3002 1941 3064; baseline -0.006 -10"><span class='ocrx_word' id='word_1_410' title='bbox 1129 3006 1244 3054; x_wconf 82' lang='grc' dir='ltr'><strong><em>αλλὰ</em></strong></span> <span class='ocrx_word' id='word_1_411' title='bbox 1268 3008 1467 3064; x_wconf 79' lang='grc' dir='ltr'><strong><em>μάλιστα</em></strong></span> <span class='ocrx_word' id='word_1_412' title='bbox 1487 3026 1570 3064; x_wconf 88' lang='grc' dir='ltr'><strong><em>μεν</em></strong></span> <span class='ocrx_word' id='word_1_413' title='bbox 1591 3002 1832 3057; x_wconf 82' lang='grc' dir='ltr'><strong><em>κακείνους</em></strong></span> <span class='ocrx_word' id='word_1_414' title='bbox 1851 3023 1941 3050; x_wconf 81' lang='grc' dir='ltr'><strong><em>πα-</em></strong></span> 
     </span>
     <span class='ocr_line' id='line_1_72' title="bbox 1129 3065 1936 3125; baseline -0.005 -15"><span class='ocrx_word' id='word_1_415' title='bbox 1129 3071 1401 3125; x_wconf 82' lang='grc' dir='ltr'><strong><em>ρακαλεῖνκ.</em></strong></span> <span class='ocrx_word' id='word_1_416' title='bbox 1421 3083 1458 3109; x_wconf 94' lang='grc' dir='ltr'><strong><em>τ.</em></strong></span> <span class='ocrx_word' id='word_1_417' title='bbox 1489 3069 1527 3110; x_wconf 84' lang='grc' dir='ltr'><strong><em>λ.</em></strong></span> <span class='ocrx_word' id='word_1_418' title='bbox 1572 3066 1637 3107; x_wconf 81' lang='lat' dir='ltr'><strong>Cf.</strong></span> <span class='ocrx_word' id='word_1_419' title='bbox 1664 3065 1936 3107; x_wconf 80' lang='lat' dir='ltr'><strong>Struvius</strong></span> 
     </span>
     <span class='ocr_line' id='line_1_73' title="bbox 1129 3121 1939 3168; baseline -0.005 -1"><span class='ocrx_word' id='word_1_420' title='bbox 1129 3121 1507 3168; x_wconf 77' lang='lat' dir='ltr'><strong>Miscellan.01·it.</strong></span> <span class='ocrx_word' id='word_1_421' title='bbox 1538 3122 1871 3165; x_wconf 77' lang='lat' dir='ltr'><strong>asoebodm</strong></span> <span class='ocrx_word' id='word_1_422' title='bbox 1894 3126 1939 3163; x_wconf 77' lang='lat' dir='ltr'><strong><em>et</em></strong></span> 
     </span>
     <span class='ocr_line' id='line_1_74' title="bbox 1127 3178 1936 3225; baseline -0.004 -1"><span class='ocrx_word' id='word_1_423' title='bbox 1127 3181 1548 3225; x_wconf 78' lang='lat' dir='ltr'><strong>Friedemanno</strong></span> <span class='ocrx_word' id='word_1_424' title='bbox 1595 3178 1698 3222; x_wconf 78' lang='lat' dir='ltr'><strong>edit.</strong></span> <span class='ocrx_word' id='word_1_425' title='bbox 1750 3179 1936 3222; x_wconf 83' lang='lat' dir='ltr'><strong>v01.11.</strong></span> 
     </span>
     <span class='ocr_line' id='line_1_75' title="bbox 1128 3236 1531 3294; baseline -0.007 -12"><span class='ocrx_word' id='word_1_426' title='bbox 1128 3240 1182 3283; x_wconf 89' lang='lat' dir='ltr'><strong>P.</strong></span> <span class='ocrx_word' id='word_1_427' title='bbox 1203 3239 1264 3282; x_wconf 90' lang='lat'><strong>11.</strong></span> <span class='ocrx_word' id='word_1_428' title='bbox 1295 3253 1338 3294; x_wconf 86' lang='grc' dir='ltr'><strong><em>Ρ.</em></strong></span> <span class='ocrx_word' id='word_1_429' title='bbox 1359 3236 1445 3281; x_wconf 73' lang='lat'><strong><em>238</em></strong></span> <span class='ocrx_word' id='word_1_430' title='bbox 1467 3251 1531 3293; x_wconf 71' lang='lat' dir='ltr'><strong>sq.</strong></span> 
     </span>
    </p>
   </div>
  </div>
 </body>
</html>
