2040 3646
61 3425 82 3434 ‹-

246 2107 562 2156 ,Plutarch
596 2107 650 2149 de
677 2107 778 2149 Isid.

279 171 380 237 106
903 166 1258 221 PLAToNJs

206 305 258 360 E
281 322 438 378 τερα,
479 298 614 379 ἔφη,
656 298 856 375 μεταξὺ
878 307 1126 408 θνητοῦ
1121 305 1212 363 καὶ
1242 302 1545 365 αθανάτου.
1637 307 1709 365 Τί
1729 298 1862 380 οὖν’,
1902 334 1947 368 ω

1924 298 1949 327 ³

281 384 546 458 Διοτίιια,·
598 387 1036 464 Δαίμωνμέγας,
1081 390 1125 447 ὠ
1147 387 1453 498 Σώκρατες·
1495 388 1713 469 καὶγὰρ
1750 398 1862 452 πᾶν
1883 390 1946 451 τὰ

279 472 365 527 60c1
372 490 563 543 ιιονιον
599 468 804 543 μεταξύ
831 471 941 530 ἐστι
962 478 1107 532 θεοῦ
1129 496 1183 532 τε
1218 475 1311 532 καὶ
1333 478 1566 552 θνητοῦ.

279 550 330 611 6'
355 550 527 629 ἐγώ,
550 551 829 630 δύναμιν’
811 555 962 631 ε’χον,·

1655 476 1791 534 Τίνα
1803 521 1819 548 ,
1865 466 1948 555 ἦν

1021 554 1373 665 Ερμηνεῦον
1405 559 1498 616 καὶ
1533 561 1950 636 διαπορθμεῦον

278 642 432 709 θεοῖς
453 632 520 693 τοὶ
541 636 667 714 παρ’
694 637 1004 716 ανθρώπων
1033 644 1124 700 καὶ
1149 640 1465 722 ανθοῶποις
1498 664 1564 699 τα
1599 641 1749 720 παρὰ
1781 649 1946 717 θεῶν,

276 726 386 780 τῶν
420 722 518 797 μὲν
553 718 649 793 τὰς
686 722 899 803 δεήσεις
935 725 1029 783 καὶ
1061 728 1301 800 θυσίας,
1358 748 1466 786 των
1487 727 1545 784 ὁὲ
1572 724 1668 799 τὰς
1690 726 1949 800 ἐπιτάξεις

277 828 333 864 τε
349 807 449 864 καὶ
472 803 701 883 οἴμοιβὰς
723 814 831 880 τῶν
863 813 1125 869 θωσιιόν.
1153 811 1211 870 ἐν
1247 811 1396 894 μέσῳ
1430 811 1489 870 ὁὲ
1527 807 1593 869 ὂν
1627 810 1948 890 ἀμφοτέρων

275 894 618 970 συμπληροῖ,
660 888 799 965 ω’ςτε
824 891 887 952 τὸ
919 899 1030 953 πᾶν
1052 893 1192 955 αὐτὸ
1227 895 1381 979 αὐτῷ
1416 893 1790 966 ξυνδεὸέσθαι.
1854 894 1945 955 διὰ

234 1018 236 1023 -
274 974 482 1035 τούτου
512 978 604 1035 καὶ
626 973 665 1056 ἡ
689 975 915 1057 μαντικὴ
945 984 1096 1037 πᾶσα
1121 987 1284 1058 χωρεῖ
1313 982 1406 1039 καὶ
1446 1005 1528 1058 η
1512 984 1622 1039 τῶν
1643 981 1827 1058 ιερέων
1858 981 1945 1040 τέ-

233 1083 377 1139 χνη
399 1065 507 1119 τῶν
526 1082 581 1119 τε
603 1063 725 1139 περὶ
745 1060 842 1134 τὰς
866 1063 1075 1135 θυσίας
1096 1066 1187 1123 καὶ
1209 1062 1307 1137 τὰς
1331 1062 1541 1138 τελετὰς
1565 1067 1661 1124 καὶ
1682 1063 1779 1137 τὰς
1803 1065 1943 1147 ἐπῳ·

329 1337 616 1407 συμπληροῖ,
662 1332 772 1388 ὦςτε
790 1334 855 1406 τὸ
883 1339 980 1382 πᾶν
998 1340 1058 1409 -]
1106 1340 1300 1383 Orellius
1336 1341 1391 1384 ad
1417 1341 1652 1398 Isocrat.p

129 1105 251 1196 203
273 1142 375 1218 δας
398 1146 490 1204 καὶ
515 1142 618 1225 τήν
641 1148 893 1222 μαντείαν
926 1153 1110 1207 πασαν
1135 1150 1227 1209 καὶ
1253 1150 1518 1229 γοητείαν.
1573 1146 1710 1222 θεὸς
1749 1150 1807 1243 δὲ
1846 1148 1942 1210 ἄν·-

1655 1339 1802 1386 .331.
1829 1340 1942 1383 coni.

270 1395 529 1453 ξυμπληροῖ
550 1391 602 1440 τὸ
627 1396 745 1448 πᾶν,
775 1390 884 1446 (lists
907 1391 1019 1442 αὐτὸ
1047 1394 1183 1456 αὐτῷ
1194 1397 1509 1452 ξυνδεδέσθαι.

269 1535 390 1579 tione
413 1530 472 1579 ἄν
492 1535 736 1592 particulae
762 1551 802 1580 v.
830 1537 886 1591 ad
905 1537 1070 1587 Criton.

268 1608 312 1649 p.
330 1591 398 1635 52.
420 1595 476 1636 1).
502 1599 545 1636 et
563 1594 617 1635 ad
637 1594 859 1638 Phaedon.
862 1610 921 1662 Ρ
934 1594 1003 1638 87.
1018 1595 1069 1637 Λ.

325 1651 377 1694 Ε.
435 1650 514 1694 καὶ
563 1649 649 1718 ’γὰρ
690 1652 783 1694 πᾶν
818 1647 878 1696 τὸ
910 1652 1019 1706 δαιμ
1024 1649 1071 1696 ό-

268 1708 402 1762 νιον]
433 1708 691 1750 Doctrinam
711 1709 764 1750 de
784 1708 1070 1751 daemonibus

268 1764 400 1808 Plato
453 1770 548 1806 tum
600 1765 700 1807 aliis
746 1766 855 1807 locis
907 1766 1069 1822 attigit,

268 1826 366 1863 tum
386 1822 607 1877 Politic.p
611 1822 790 1878 .27l.p
794 1821 919 1865 .539.
947 1824 994 1865 C.
1026 1828 1070 1865 et

267 1879 470 1933 Epinom.
507 1895 549 1934 Ρ.
576 1878 660 1921 984
683 1838 790 1934 sqqP
802 1894 854 1920 ε
877 1877 974 1922 510.
1001 1880 1068 1922 ed.

266 1936 327 1978 As
322 1941 360 1978 t.
421 1937 548 1990 Quae
579 1936 666 1977 hoc
699 1937 796 1978 loco
827 1937 1070 1989 traduntur,

266 2006 324 2034 ea
352 1993 482 2034 multi
516 1993 747 2048 scriptores
779 1993 1070 2048 posteriorum

266 2053 514 2104 temporum
564 2054 870 2105 respexerunt,
934 2051 1071 2093 veluti

814 2122 856 2162 p.
886 2106 982 2150 361.
1015 2109 1069 2150 Β.

267 2164 316 2207 C.
369 2178 410 2217 p.
438 2162 534 2205 480.
561 2164 626 2206 ed.
663 2165 883 2219 Wyttenb.
940 2164 1071 2262 Arid-

266 2219 346 2263 sti
362 2220 452 2262 des
497 2219 638 2266 Oratt.
679 2221 738 2263 ΙΙ.
790 2236 832 2276 p.
863 2220 959 2263 106.
1001 2221 1051 2263 ed

263 2277 392 2320 Iebb.
450 2277 675 2319 Maxim.
719 2278 826 2333 Tyr.
863 2278 979 2320 XIV.
1024 2277 1067 2320 8.

265 2348 307 2389 Ρ.
328 2333 426 2376 266.
456 2335 709 2376 Lactant.
738 2334 878 2376 Instit.
905 2335 965 2377 ΙΙ.
998 2334 1067 2379 142

264 2390 551 2432 Minucius
579 2392 688 2433 Fel.
728 2389 879 2434 Octav.
913 2392 1066 2433 XXVI.

264 2447 335 2489 11.
380 2452 423 2489 et
465 2447 545 2490 alii
559 2481 573 2501 ‚
628 2461 736 2503 quos
791 2448 1070 2491 nominarunt

265 2504 461 2547 Aetius
499 2505 554 2546 ad
591 2505 638 2547 h.
674 2505 705 2546 l.
736 2509 779 2546 et
818 2506 1070 2547 Creuze-

265 2575 359 2603 rus
389 2561 640 2618 Mytholog.
668 2562 723 2603 T.
745 2561 826 2603 111.
851 2577 893 2617 p.
913 2561 982 2605 67.
1013 2562 1069 2603 ad

265 2617 306 2660 P
321 2619 541 2659 roclum
570 2619 615 2660 in
634 2618 851 2661 Alcibiad.
874 2619 908 2660 Ι.
941 2633 978 2660 c.
998 2618 1067 2660 11.

267 2674 386 2728 Quid
410 2676 524 2729 quod
546 2689 573 2717 a
591 2676 798 2718 Proclo
820 2675 866 2716 in
887 2676 1071 2718 Parme·-

266 2731 357 2772 nid.
377 2746 445 2786 ap.
474 2731 716 2774 Bentlei.
735 2731 871 2786 Epist.
898 2732 953 2774 ad
965 2733 1072 2773 Mil-

265 2787 380 2829 lium
404 2804 445 2841 p.
458 2787 554 2831 455.
576 2790 639 2830 ed.
658 2788 775 2843 Lips.
797 2789 908 2830 haec
924 2788 1071 2830 omnia

265 2859 292 2886 e
328 2845 526 2887 doctrina
559 2845 856 2900 Orphicorum
887 2845 1072 2900 repetita

265 2915 363 2942 esse
403 2901 667 2944 narrantur?
725 2904 850 2955 Quae
893 2902 1071 2956 quidem

265 2958 480 2999 sententia
502 2973 637 3012 quum
665 2959 946 3000 confirmetur
963 2973 1069 3013 quo-

265 3015 497 3055 dammodo
518 3030 585 3066 eo,
615 3016 730 3069 quod
754 3015 960 3057 carminis
985 3014 1069 3056 Or-

264 3071 387 3126 phici
410 3072 702 3126 fragmentum
720 3086 787 3127 ap.
810 3072 947 3114 Clem.
968 3072 1070 3114 Ale-

264 3128 415 3169 xandr.
435 3127 595 3170 Strom.
620 3129 669 3171 V.
696 3145 737 3184 p.
790 3127 858 3169 24.
882 3129 972 3170 sere
996 3143 1070 3170 ea-

266 3184 367 3224 dem
387 3185 602 3236 continet,
639 3199 749 3240 quae
771 3185 969 3226 Diotima
983 3185 1071 3226 hoc

264 3239 364 3282 loeo
385 3242 611 3284 Socratem
632 3242 830 3284 docuisse
843 3247 1070 3293 narratum

266 3309 319 3351 eo
361 3297 506 3339 miuus
549 3299 601 3340 de
632 3298 765 3341 huius
810 3297 1072 3341 narrationis

264 3347 447 3395 veritate
474 3355 751 3406 dubitamus,
792 3369 879 3410 quo
912 3354 1072 3395 centius

273 3410 547 3466 exploratum
589 3412 806 3455 habemus
844 3412 1073 3456 Platonem

1137 1552 1222 1581 non
1246 1552 1348 1581 raro
1378 1538 1431 1581 ad
1457 1538 1748 1593 Orphicorum
1779 1537 1942 1580 doctri-

1135 1610 1237 1638 nam
1255 1595 1455 1638 allusisse
1477 1601 1519 1637 et
1540 1596 1789 1651 respexisse.
1817 1596 1940 1637 Idem

1135 1653 1190 1694 de
1217 1653 1302 1695 hac
1335 1667 1466 1695 causa
1502 1653 1566 1696 vis
1571 1667 1645 1695 um
1671 1659 1737 1695 est
1766 1653 1939 1695 Creu-

1135 1723 1228 1752 zer
1243 1724 1268 1751 o
1297 1710 1327 1753 l.
1360 1724 1396 1751 c.

1189 1768 1322 1815 θεοῖς
1378 1762 1438 1810 τά
1484 1760 1591 1834 παρ’
1642 1760 1936 1835 ἀνθρώπων]

1134 1823 1230 1867 Νοιι
1274 1823 1382 1866 dixit
1432 1819 1538 1881 παρ’
1556 1807 1857 1878 ἀνθρώποις
1895 1830 1939 1866 et

1134 1878 1263 1938 παρὰ
1291 1883 1448 1929 θεοῖς.
1492 1895 1595 1923 nam
1624 1881 1809 1923 alteram
1835 1895 1938 1922 con-

1135 1938 1417 1980 structionem
1467 1937 1720 1992 requirebat
1753 1939 1939 1979 verbum

1134 1996 1497 2065 διαπορθμεῦον.
1528 2009 1568 2037 v.
1593 1995 1779 2050 Apolog.
1813 1993 1935 2038 Socr.

1134 2068 1176 2108 p.
1197 2052 1267 2094 32.
1292 2053 1344 2094 B.
1375 2051 1598 2094 Phaedon.
1619 2067 1660 2108 p.
1681 2051 1751 2094 76.
1771 2052 1823 2096 1).
1850 2051 1938 2093 ibi-

1135 2123 1219 2165 que
1242 2113 1387 2151 annot.

1193 2167 1476 2223 συμπληροῖ,
1520 2179 1630 2214 ωςτε
1663 2159 1716 2207 τὸ
1751 2163 1846 2206 πᾶν
1873 2163 1933 2219 -]

1135 2223 1187 2265 Ιιι
1206 2223 1278 2265 his
1311 2224 1568 2279 συμπληροῖ
1596 2222 1798 2264 absolute
1820 2220 1938 2275 posi-

1134 2284 1229 2323 tum
1245 2283 1334 2332 est,
1362 2280 1425 2322 ita
1443 2284 1492 2320 ut
1518 2279 1750 2334 cogitando
1779 2278 1938 2320 addere

1134 2336 1277 2406 possis
1296 2332 1348 2380 τὸ
1374 2334 1538 2407 μέσονε
1577 2335 1798 2401 praecedit
1819 2334 1937 2376 enim

1136 2392 1185 2436 ἐν
1222 2391 1352 2460 μέσῳ
1386 2390 1436 2437 δὲ
1475 2387 1542 2435 όν.
1611 2391 1833 2447 Quocirca
1871 2391 1936 2433 nil

1136 2451 1230 2506 egit
1279 2450 1355 2506 qui
1411 2450 1690 2491 scribendum
1743 2462 1842 2489 cens
1823 2448 1934 2489 snit:

1136 2507 1392 2576 ξυμπληροῖ
1431 2502 1484 2548 τὸ
1519 2506 1636 2561 πᾶν,
1680 2519 1789 2554 ωςτε
1820 2500 1934 2547 avt&

1135 2562 1261 2623 αὐτῷ
1285 2562 1608 2617 ξυνδεδέσθαι,·
1637 2561 1783 2628 magis
1803 2561 1938 2603 etiam

1132 2635 1163 2664 a
1195 2636 1300 2663 vero
1342 2618 1562 2663 aberravit
1597 2619 1672 2673 qui
1698 2623 1798 2661 ante
1829 2619 1936 2669 ξυμ-

1134 2681 1305 2748 πληροῖ
1344 2676 1477 2720 inseri
1513 2675 1652 2717 voluit
1687 2675 1938 2730 nuperrime

1133 2733 1194 2777 τὰ
1243 2731 1338 2801 dant:
1369 2732 1579 2775 Videlicet
1601 2732 1686 2774 viri
1696 2732 1850 2786 optimi
1871 2732 1936 2773 ni-

1134 2792 1218 2834 mis
1238 2791 1363 2833 anxie
1392 2790 1456 2832 Fi
1469 2789 1583 2831 cini
1610 2787 1799 2841 vestigia
1818 2803 1939 2843 pres·
1979 2821 1981 2823 -

1135 2855 1298 2900 serunt,
1329 2847 1405 2902 qui
1423 2847 1535 2889 haec
1552 2846 1616 2888 ita
1637 2843 1845 2887 reddidit·
1874 2846 1894 2886 Ι
1907 2860 1936 2887 ιι

1136 2907 1428 2948 amborum
1483 2903 1667 2945 medio
1723 2902 1939 2943 consti-

1135 2965 1262 3004 tuta
1316 2965 1497 3004 totum
1553 2958 1822 3013 complet,
1879 2962 1937 3000 ut

1134 3019 1471 3061 universum
1527 3033 1548 3060 s
1568 3031 1592 3058 e
1612 3031 1636 3057 c
1655 3030 1685 3056 u
1703 3029 1748 3056 m
1804 3015 1936 3069 ipso

1135 3075 1244 3118 tali
1272 3074 1511 3116 vinculo
1549 3075 1933 3115 connectatur.

1134 3156 1163 3165 ·-
1190 3127 1255 3175 τὸ
1285 3133 1418 3183 πᾶν,
1447 3130 1716 3172 universa
1743 3141 1933 3168 rerum

1134 3193 1336 3231 natura
1371 3188 1417 3230 h
1460 3201 1498 3229 e
1550 3185 1631 3226 dii
1670 3189 1723 3225 et
1748 3183 1936 3225 homi-

1135 3258 1246 3287 nes.
1305 3245 1372 3285 De
1403 3257 1452 3285 re
1472 3243 1567 3297 ipsa
1600 3255 1642 3283 V.
1673 3241 1932 3283 Creuzer.

1136 3301 1317 3356 Dionys.
1341 3301 1376 3344 Ι.
1406 3299 1525 3355 p.73
1545 3313 1637 3367 sqq.

1194 3359 1243 3401 P
1260 3356 1357 3399 203.
1406 3316 1526 3404 θεὸς
1549 3353 1597 3397 δὲ
1619 3349 1855 3410 ἀνθρώπῳ
1877 3367 1934 3395 ου

1138 3414 1379 3472 μίγνυται]
1418 3413 1530 3456 Sunt
1562 3411 1682 3455 euim
1708 3411 1940 3454 daemones
