2040 3646
248 156 350 230 ιιι

908 149 1264 211 PLATONIS

248 300 388 347 σεων
422 281 838 365 ᾆιακοσμήσεις,
881 275 921 362 ᾗ
943 284 1072 371 affl
1037 288 1212 366 evomi
1243 290 1354 352 ἔστι
1387 293 1729 376 σωφροσύνη
1749 319 1804 357 τε
1829 303 1922 361 καὶ

174 377 226 432 Β
248 368 592 448 δικαιοσύνη.
625 368 834 429 τούτων
855 368 905 431 6⁹
917 372 994 431 αὐ
1020 369 1152 434 ὅταν
1169 398 1251 447 τις
1274 376 1332 435 ἐκ
1355 377 1488 438 νέου
1507 379 1800 456 ἐγκύιιων’
1768 407 1804 459 η
1818 382 1920 463 τὴν

245 453 434 534 ’ψυχήν
448 497 463 526 ,
501 460 656 526 θεῖος
683 450 759 514 ὧν
789 456 880 514 καὶ
903 453 1156 538 ηκούσης
1174 464 1271 538 τῆς
1293 458 1507 541 ἡλικίας
1530 465 1725 525 τίκτειν
1749 488 1804 525 τε
1825 471 1918 527 καὶ

242 543 435 618 γεννᾶν
456 535 570 648 ἤδη
594 538 860 615 ἐπιθυμεῖ.
905 543 1054 621 ζητεῖ
1072 542 1160 625 δή,
1202 551 1370 623 οἰμαι,
1394 548 1486 605 καὶ
1509 539 1676 622 οὗτος
1697 550 1918 629 περιιών

296 704 376 750 καὶ
392 700 612 761 οἰκήσεων
631 702 973 760 διακοσμήσεις]
1004 708 1180 765 Vulgat.
1212 707 1510 768 διακόσμησις
1533 724 1584 757 ex
1610 715 1734 758 codd.
1761 731 1912 760 emen-

240 762 391 806 datum
413 767 491 805 est.
521 777 562 806 v.
588 762 815 805 Heindorf.
836 763 892 805 ad
925 765 1089 822 Cratyl.
1119 782 1163 824 p.
1195 766 1265 812 28.

239 821 402 864 omisso
431 817 494 864 δέ.
551 820 718 873 Recte,
746 821 943 864 fortasse.

1329 769 1438 814 Mox
1463 770 1590 817 Bodl.
1624 771 1804 819 τούτων
1830 771 1908 829 αὖ,

289 914 382 976 ἤδη
411 914 641 972 ἐπιθυμεῖ.
671 918 796 976 ζητεῖ
813 914 906 977 δὴ-
912 920 936 974 ]
965 920 1213 978 Stephanus
1230 922 1342 971 coni.
1368 921 1609 986 ἐπιθυμῇ,
1636 928 1765 985 ζητεῖ
1786 928 1845 988 δή
1873 953 1903 964 -

234 979 450 1034 probante
467 976 619 1021 Astio„

287 1118 340 1165 P.
359 1117 458 1163 209.
501 1130 604 1174 σωφ
569 1115 776 1177 φροσῦνη
803 1132 852 1164 τε
872 1117 951 1163 καὶ
971 1119 1039 1164 δι-

231 1174 485 1244 καιοσύνη]
526 1177 640 1221 Nam
670 1182 902 1219 versantur
932 1176 1038 1220 illae

229 1247 279 1276 ιιι
298 1233 500 1290 regendis
519 1233 957 1288 administrandisque
967 1248 1039 1276 re-

230 1291 316 1333 bus
358 1290 605 1333 domesticis
649 1295 779 1345 atque
831 1290 1035 1345 publicis.

227 1347 381 1403 Neque
408 1347 656 1390 mirandum
681 1351 769 1399 est,
798 1348 915 1401 quod
949 1347 1036 1390 hoc

226 1404 328 1447 loco
349 1404 532 1447 virtutes
558 1403 666 1446 illae
699 1405 856 1446 ceteris
894 1404 1035 1447 omni-

226 1462 313 1503 bus
341 1465 681 1516 anteponuntur,
722 1475 858 1515 quum
885 1462 1035 1504 Phae-

226 1518 325 1559 don.
338 1534 378 1574 p.
392 1517 461 1561 82.
482 1519 533 1562 A.
564 1517 765 1560 civilis
792 1518 1033 1561 virtutis

176 1580 188 1587 ’
224 1576 443 1618 studiosos
470 1575 518 1617 in
540 1589 772 1617 numerum
786 1575 877 1618 τῶν
910 1571 1033 1630 φαύ-

224 1634 317 1675 λων
335 1632 549 1675 retulerit.
605 1632 718 1675 Nam
751 1632 830 1674 illo
855 1632 953 1674 loco
976 1633 1030 1675 de

220 1689 388 1732 talibus
434 1689 690 1731 hominibus
733 1689 1031 1745 cogitandum,

223 1747 377 1802 quales
408 1747 529 1788 fuere
545 1746 621 1801 qui
642 1746 824 1788 Athenis
836 1747 890 1787 ad
910 1760 1030 1788 sum-

222 1816 319 1846 mos
330 1804 519 1846 honores
529 1804 664 1859 vulgo
673 1803 870 1845 solebant
881 1817 1029 1845 escen-

223 1861 347 1902 dere:
396 1860 471 1902 hic
509 1875 612 1902 vero
643 1860 691 1901 in
727 1864 872 1902 mente
897 1861 1026 1903 Plato

219 1917 379 1959 habuit
400 1917 709 1973 philosoplloS‚
747 1930 855 1970 quos
887 1916 935 1959 in
971 1916 1028 1959 li-

219 1974 315 2018 bris
351 1975 405 2016 de
444 1974 674 2029 republica
708 1973 862 2016 scribit
897 1973 1026 2016 unice

216 2030 400 2075 idoncos
435 2046 529 2074 esse
560 2031 615 2073 ad
647 2031 834 2073 salutem
870 2029 1027 2073 civita-

185 2123 188 2126 .
217 2091 314 2130 tum
358 2089 725 2143 promovendam,
761 2087 1022 2142 augendam,

215 2149 261 2187 et
284 2145 641 2189 confirmandam.
677 2158 720 2188 v.
749 2142 803 2187 de
831 2145 1023 2198 Republ.

216 2203 268 2244 V.
308 2216 351 2256 p.
388 2202 486 2245 473.
526 2204 575 2244 Ι).
607 2202 659 2245 Ε.
697 2225 726 2234 -
771 2202 1022 2271 μεγίστη

215 2258 318 2303 καὶ
346 2259 626 2314 καλλίστη
655 2258 754 2314 τῆς
793 2255 1024 2315 φρονή-

216 2329 379 2370 oscos,
407 2317 642 2359 maxima
666 2319 724 2357 et
753 2315 1024 2370 pulcher..

213 2374 359 2417 rima
395 2387 523 2429 pars
558 2371 901 2439 sapientiae.
954 2373 1022 2414 De

210 2430 511 2486 Repub1.111.
552 2445 594 2485 Ρ.
625 2428 722 2471 416.
751 2429 805 2472 Β.
844 2425 928 2484 τὴν
945 2443 1022 2483 με·-

210 2488 368 2543 γίστην
393 2488 474 2543 τῆς
491 2481 724 2553 εὐλαβείας
738 2498 1022 2552 παρεσκευα-

212 2544 384 2600 σμένοι.
397 2547 454 2588 al.
467 2545 587 2587 Solet
609 2543 726 2585 enim
740 2542 1017 2596 adiectivum,

208 2603 347 2645 etiam
376 2602 456 2645 ubi
486 2600 682 2655 sequitur
715 2599 902 2642 nominis
946 2600 1017 2642 sui

209 2674 353 2716 genus
397 2664 441 2702 et
488 2671 719 2700 numerum
739 2690 751 2710 ‚
798 2656 1017 2712 glavioris

208 2715 542 2772 significationis
564 2729 694 2756 causa
711 2714 754 2755 it
747 2713 1016 2769 apraemitti,

210 2780 260 2815 ut
271 2788 324 2815 ex
339 2789 385 2815 se
407 2785 663 2837 suspensum
672 2771 836 2814 habeat
854 2784 1014 2813 nomeu

208 2830 423 2887 gignendi
442 2843 547 2872 casu
559 2827 764 2884 positum.
790 2828 903 2871 Rota
913 2831 1014 2869 sunt

145 2912 165 2926 ι
208 2888 413 2930 omnibus
431 2887 533 2929 illa.
563 2885 645 2954 τῆς
673 2885 769 2953 γῆς
784 2881 953 2941 πολλή,
985 2899 1011 2928 ο

206 2940 353 2994 πολὺς
391 2944 476 2986 τοῦ
507 2959 533 2998 χ
566 2940 706 2993 όνον,
745 2935 770 2985 ὁ
803 2944 1011 2991 πλεῖστος

205 3001 292 3044 τοῦ
340 3000 471 3057 βίου,
509 3014 568 3041 a.
629 2999 801 3054 Quibus
847 2997 1010 3040 similia

203 3058 347 3100 multa
406 3057 684 3111 collegerunt
751 3055 934 3098 Wolf.
929 3055 1008 3096 ‘ad

203 3115 367 3157 Demos
371 3115 433 3156 th.
444 3115 565 3168 Lept.
593 3116 633 3166 §.
647 3113 690 3154 7.
710 3097 1005 3154 Heindorfi

204 3172 261 3216 ad
279 3172 406 3226 (3er
405 3171 444 3214 l.
463 3185 505 3224 Ρ
523 3169 594 3212 28.
623 3170 759 3223 intpp
781 3166 1008 3211 adLam-

201 3229 343 3270 bert.
380 3229 507 3271 Bos.
538 3226 593 3268 de
632 3225 790 3282 Ellips.
835 3239 878 3280 Ρ.
906 3223 1004 3267 274.

200 3284 310 3383 aog-
330 3331 573 3395 ἐγκύμων
543 3356 570 3397 ῃ
582 3334 667 3395 τὴν
681 3335 851 3407 ψυχήν,
875 3338 1008 3387 θεῖος

203 3392 302 3462 ὦν]
343 3385 678 3455 Stephanus
723 3394 806 3452 τὴν
851 3390 1007 3451 ψυχήν

1100 1121 1295 1166 malebat
1325 1124 1527 1168 connecti
1558 1139 1659 1168 cum
1679 1127 1908 1193 sequenti-

1099 1179 1198 1232 bus,
1228 1180 1333 1222 utin
1350 1182 1478 1223 libris
1494 1182 1714 1225 nonnullis
1729 1185 1905 1228 factum.
1912 1185 1918 1188 ’

1101 1237 1189 1278 Sed
1206 1251 1344 1291 quum
1367 1235 1391 1281 ὁ
1419 1236 1625 1293 ἐγκύμων
1643 1237 1727 1295 τὴν
1751 1240 1906 1297 ψυχήν

1101 1302 1342 1348 opponatur
1365 1295 1432 1362 iis,
1462 1295 1539 1350 qui
1557 1311 1687 1351 supra
1715 1294 1906 1353 ἐγκύμο-

1097 1364 1171 1400 νες
1194 1350 1311 1393 κατὰ
1336 1333 1523 1407 σώματα
1556 1354 1905 1408 appellabantur,

1096 1408 1323 1462 vulgatam
1355 1409 1419 1450 dis
1423 1409 1675 1452 tinctionem
1699 1425 1785 1453 non
1807 1426 1903 1454 esse

1096 1465 1351 1506 mutandam
1383 1466 1486 1508 satis
1509 1466 1680 1521 liquere
1712 1468 1903 1511 arbitra-

1096 1534 1210 1563 mur.
1248 1522 1399 1577 Neque
1422 1523 1556 1565 etiam
1578 1537 1685 1578 opus
1706 1539 1803 1566 esse
1819 1541 1902 1580 Ριι-

1094 1582 1240 1620 tamus
1260 1579 1509 1622 coniectura
1541 1581 1587 1622 Η
1601 1595 1661 1622 eu
1673 1596 1692 1622 s
1703 1581 1758 1622 d·
1744 1597 1792 1633 1,
1821 1581 1899 1650 qui

1092 1635 1372 1677 scribendum
1414 1637 1581 1679 censuit
1622 1635 1822 1708 ἐγκύμων
1867 1632 1899 1696 ᾖ

1093 1688 1179 1761 τὴν
1214 1689 1393 1748 ψυχήν,
1444 1691 1529 1749 τὴν
1569 1693 1725 1750 ψυχὴν
1765 1698 1898 1746 θεῖος

1092 1743 1174 1800 ὠ,ν.
1232 1750 1343 1793 ham
1363 1750 1595 1805 respicitur
1613 1752 1669 1793 ad
1687 1766 1785 1795 eam
1805 1767 1896 1794 ser-

1091 1806 1234 1848 monis
1263 1812 1457 1861 partem,
1495 1807 1542 1850 in
1579 1822 1666 1862 qua
1698 1809 1895 1853 Diotima

1092 1876 1242 1905 omnes
1285 1864 1460 1906 omnino
1509 1878 1590 1906 am·
1584 1870 1703 1907 mtes
1747 1867 1894 1908 divino

1090 1920 1282 1974 quodam
1312 1934 1401 1974 spu
1404 1920 1468 1963 ltu
1503 1922 1675 1965 afflatos
1708 1937 1802 1965 esse
1825 1924 1893 1965 ‹li-

1090 1978 1239 2027 cebat,
1276 1977 1460 2031 ideoque
1487 1984 1606 2020 recte
1633 1981 1774 2034 potuit
1803 1980 1891 2022 dici

1088 2033 1141 2076 si.
1132 2008 1349 2088 upliciter
1372 2037 1504 2084 θεῖος
1524 2032 1601 2078 ω’ν.
1671 2036 1892 2092 Superest,

1087 2094 1137 2132 ut
1153 2092 1285 2132 verbo
1305 2105 1559 2134 moneamus
1572 2093 1625 2134 de
1639 2093 1892 2136 coniectura

1087 2146 1120 2189 S
1133 2151 1149 2189 t
1161 2161 1184 2188 e
1196 2148 1263 2201 ph
1278 2161 1304 2189 a
1318 2162 1346 2188 n
1358 2147 1372 2190 i
1383 2179 1395 2200 ,
1433 2149 1510 2202 qui
1540 2150 1776 2205 legendum
1809 2165 1890 2206 pu-

1086 2204 1193 2247 tavit
1213 2201 1435 2262 ἕπιθυμῇ,
1454 2205 1517 2247 ita
1532 2211 1582 2248 ut
1584 2182 1803 2274 ‘'apodosis
1817 2222 1888 2248 οι·-

1087 2260 1253 2303 diretur
1266 2261 1367 2303 inde
1382 2263 1565 2306 averbis
1585 2263 1710 2318 ζητεῖ
1725 2261 1798 2320 δή,
1819 2261 1886 2307 οῖ-

1084 2332 1193 2373 μαι,
1237 2333 1276 2361 κ.
1310 2334 1349 2360 τ.
1376 2323 1413 2363 λ.
1486 2319 1542 2362 At
1571 2319 1687 2362 enim
1718 2334 1773 2363 ne
1799 2321 1886 2364 hac

1084 2374 1262 2430 quidem
1282 2374 1533 2445 indigemus
1550 2376 1804 2429 mutatione,
1827 2378 1888 2420 si-

1083 2431 1261 2486 quidem
1280 2434 1360 2474 καί
1371 2437 1471 2474 ante
1490 2429 1689 2488 ἡκούσης
1702 2448 1786 2475 non
1805 2434 1888 2476 ha-

1083 2489 1159 2531 bet
1170 2488 1257 2529 vim
1269 2489 1408 2544 copul
1399 2490 1514 2542 mdi,
1531 2491 1605 2532 sed
1618 2490 1885 2543 intendendi,

1082 2550 1213 2613 atque
1229 2557 1315 2588 non
1340 2542 1439 2587 cuin
1463 2547 1556 2588 solo
1580 2542 1780 2602 ἡκούσης
1801 2548 1884 2602 τῆς

1080 2597 1272 2656 ἡλικίας,
1289 2602 1361 2643 sed
1375 2618 1398 2643 c
1401 2617 1475 2644 um
1485 2608 1589 2656 tota,
1609 2618 1721 2658 quae
1737 2604 1883 2659 sequi-

1078 2662 1176 2711 tur,
1215 2659 1450 2701 verborum
1496 2661 1883 2716 comprehensione

1077 2715 1320 2758 arctissime
1389 2719 1730 2760 connectendum
1799 2724 1880 2772 est,

1077 2772 1203 2827 quasi
1253 2771 1411 2815 Latine
1466 2773 1585 2816 dicas
1607 2792 1619 2818 ι
1679 2775 1779 2817 hor
1791 2790 1817 2816 u
1829 2790 1876 2818 ιιι

1074 2828 1263 2885 igitur
1326 2830 1374 2873 si
1431 2830 1527 2884 qui
1543 2846 1563 2872 s
1625 2846 1653 2875 a
1694 2846 1876 2899 ‘puero

1074 2899 1393 2952 praegnans
1414 2893 1501 2930 est
1525 2888 1590 2930 ad
1618 2889 1874 2941 animum,

1073 2942 1274 3009 quippe
1302 2943 1554 2996 divinus,
1584 2945 1752 2988 etiam
1779 2959 1878 3001 ap·-

1073 2999 1540 3055 propinquante
1612 3007 1874 3054 aetate,

1072 3070 1216 3112 quae
1272 3057 1551 3111 pariendo
1603 3065 1656 3100 et
1696 3074 1874 3114 genc-

1073 3113 1250 3156 raudo
1279 3112 1486 3156 idonea
1514 3119 1598 3156 est
1627 3116 1871 3168 (namhoc

1072 3172 1138 3211 est
1165 3170 1247 3224 τῆς
1273 3165 1475 3223 ἡλικίας,
1505 3170 1690 3213 articulo
1711 3171 1776 3213 rei
1807 3172 1873 3213 in-

1072 3227 1237 3269 dicium
1268 3228 1294 3267 s
1286 3226 1509 3282 mirante),
1549 3242 1575 3282 p
1588 3242 1638 3270 ar
1648 3243 1671 3269 e
1683 3242 1705 3269 r
1716 3243 1740 3269 e
1769 3242 1801 3284 g
1815 3243 1870 3269 c-

1071 3283 1172 3327 stit
1183 3287 1368 3351 ..atque
1395 3298 1686 3339 generare.
1701 3287 1871 3372 Quae-

1072 3355 1096 3384 ι·
1106 3340 1152 3385 it
1179 3339 1197 3384 i
1208 3353 1240 3397 g
1253 3339 1298 3384 it
1311 3352 1342 3383 u
1351 3354 1375 3382 ι·
1403 3346 1485 3385 etc.
1806 3371 1810 3374 >
