2040 3646
270 159 339 215 82

936 154 1301 217 PLATONIS

271 291 376 364 κόν
396 290 575 357 ἐστι-Μ
614 287 734 348 ἀντὶ
756 287 969 350 τούτου
993 289 1065 370 δὴ
1100 291 1300 370 ἕλωμαι
1324 285 1402 354 ὧν
1437 282 1506 354 εὖ
1529 290 1635 355 οἶδ’
1660 294 1745 357 ὅτι
1775 304 1963 359 κακῶν

275 374 475 447 ὄντων,
527 371 737 434 τούτου
773 374 1167 455 τιμ-ησάμενοςς
1217 377 1451 457 πότερον
1488 382 1731 457 δεσμοῦς
1766 386 1875 442 -καὶ
1909 385 1964 443 τί

190 477 236 530 C
274 483 338 538 με
362 463 447 519 δεῖ
466 464 566 539 ζῆν
594 459 651 520 ἐν
677 462 1027 544 δεσμωτηρίῳ
1044 506 1060 534 ‚
1112 461 1454 524 δουλεύοντα
1477 469 1545 541 τῇ
1568 463 1653 524 ἀεὶ
1689 475 1959 527 καθιστα-

273 545 409 622 μένῃ
438 541 607 622 ἀρχῇ,
648 550 763 618 τοῖς
784 545 974 605 ἕνδεκα
990 567 1009 615 ,·
1063 542 1203 606 ἀλλὰ
1223 548 1539 630 χρημάτων,
1581 553 1675 609 καὶ
1699 554 1962 612 δεδέσθαι

270 630 371 703 ἕως
397 625 465 689 ὂὶν
492 630 714 698 ἑκτίσως
757 627 896 690 ἀλλὰ
920 629 1126 692 ταύτόν
1148 635 1243 710 μοι’
1266 634 1409 694 ἐστιν
1434 630 1569 711 ὅπερ
1603 642 1710 696 νῦν
1735 634 1807 717 δὴ
1844 638 1958 696 ἔλε-

269 735 387 794 γον·
464 711 539 774 οὐ
568 711 672 793 γὰρ
708 715 818 774 ἔστι
852 739 947 793 μοι
979 715 1227 797 χρήματα
1260 716 1472 779 ὁπόθεν
1509 719 1716 780 ἐκτίσω.
1799 720 1959 780 Ἀλλὰ

270 796 343 880 δὴ
368 804 558 880 φυγῆς
577 798 877 879 τιμήσομαι
890 825 910 869 ,·
953 803 1084 875 ἴσως
1108 800 1212 881 γὰρ
1227 802 1296 864 ἄν
1318 826 1410 882 μοι
1435 802 1644 864 τούτου
1663 805 1957 886 τιμήσαιτε.

269 881 451 965 πολλὴ
480 882 624 961 μέντ’
646 882 715 944 ἄν
747 909 811 962 με
840 889 1153 965 φιλοψυχία
1184 890 1321 967 ἔχοι,
1376 879 1420 948 ὦ
1443 887 1639 966 ἄνδρες
1661 888 1960 970 Ἀθηναῖοι,

271 970 320 1030 εἰ
344 966 524 1042 οὕτως
547 967 835 1048 ἄλόγιστός
870 973 1003 1048 εἰμι,
1037 969 1176 1045 ,ὥςτε
1206 971 1281 1054 pr)
1309 969 1592 1034 δύνασθαι
1625 977 1960 1054 λογίζεσθαι,

272 1051 358 1114 ὅτι
373 1052 548 1131 ’ὑμεῖς
581 1055 680 1131 μὲν
718 1052 871 1128 ὄντες
907 1059 1128 1116 πολῖταί
1165 1080 1280 1134 μου
1322 1056 1430 1137 οὐχ
1469 1055 1579 1118 οἶοί
1610 1083 1665 1119 τε
1712 1061 1961 1139 ἐγένεσθε

270 1140 501 1219 ἐνεγκεῖν
523 1136 620 1212 τὰς
644 1137 776 1217 ἐμὰς
810 1139 1089 1220 διατριβὰς
1112 1144 1206 1202 καὶ
1229 1141 1365 1216 τοὺς
1390 1142 1627 1223 λόγους,
1684 1143 1802 1203 ἀλλ’
1828 1143 1962 1222 ὑμῖν

325 1302 496 1362 ἕλωμαι
527 1298 620 1360 ὦν]
664 1305 716 1348 V.
751 1302 922 1362 ἕλωμαί
954 1321 999 1352 τι
1029 1299 1095 1353 ὧν
1119 1305 1253 1363 οἶδα,
1291 1310 1409 1367 quod
1431 1324 1485 1355 ex
1507 1309 1739 1368 viginti’et
1757 1311 1961 1370 pluribus

266 1365 391 1408 codd.
417 1363 602 1407 mutavi.
628 1378 670 1409 v.
693 1369 887 1408 annotat.

321 1443 409 1488 νῦν
430 1436 488 1499 δὴ
517 1438 690 1510 ἔλεγον]
722 1438 771 1510 V·
796 1437 854 1500 δὴ
875 1443 975 1488 νῦν.
1005 1444 1262 1501 Perperam.

265 1583 461 1628 activum
482 1598 658 1640 semper
689 1583 743 1626 de
771 1582 993 1627 iudicibus
1015 1582 1083 1626 di·-

265 1641 405 1694 citur,
433 1642 632 1685 medium
650 1641 712 1682 -de
739 1647 891 1684 actore
911 1649 954 1684 et
976 1656 1079 1683 reo:

265 1699 386 1756 quod
409 1699 646 1743 tenendum
667 1705 734 1740 est
753 1698 867 1741 infra
889 1714 930 1754 p.
942 1698 1013 1741 37.
1029 1698 1078 1742 C.

322 1753 493 1813 ἕλωμαι
522 1749 587 1799 ὧν
624 1747 674 1799 εὖ
707 1751 794 1799 οἷδ’
824 1750 896 1800 ὅτι
926 1756 1082 1798 κακῶν

265 1808 442 1870 ὄντων]
471 1814 562 1856 Aut
595 1812 829 1854 dicendum
862 1812 946 1855 fuit
974 1810 1079 1857 ἕλω-

265 1871 352 1929 μαί
378 1888 423 1915 τι
442 1869 619 1915 τούτων
642 1863 673 1913 ἃ
699 1862 748 1914 εὖ
774 1867 882 1914 οἶδα
901 1865 975 1914 ὅτι
998 1886 1081 1940 κα;

264 1926 327 1973 κά
350 1926 500 1982 ἐστιν,
529 1935 607 1971 aut
629 1925 800 1983 ἕλωμαί
821 1944 867 1971 τι
892 1928 999 1983 τῶν,
1031 1941 1096 1972 ευ’

267 1985 404 2040 οἴδα,
438 1986 594 2032 κακῶν
618 1983 780 2029 ὄντων.
838 1986 1081 2040 Utramque

267 2049 538 2088 structuram
572 2042 649 2086 hie
671 2042 716 2085 in
744 2056 882 2085 unam
911 2045 1081 2085 confla-

264 2105 358 2145 tam
398 2101 613 2143 videmus.
673 2099 891 2143 Similiter
935 2101 1079 2157 Gorg.

297 2192 305 2201 .
331 2157 430 2202 481.
455 2159 511 2202 D.
553 2153 845 2212 αἰσθάνομαι
882 2149 967 2200 οὖν
992 2170 1077 2202 σου

262 2173 480 2260 {adorere
519 2214 686 2272 καίπερ
728 2207 864 2264 ὄντος
886 2214 1075 2270 Ιδεινοῦ,

264 2267 363 2330 ὅτι,
396 2267 529 2317 ὁπόσ’
550 2267 610 2315 ὃὲν
635 2272 703 2331 φῇ
714 2285 812 2330 stov
843 2266 900 2315 to>
921 2273 1076 2317 παιδι-

263 2326 324 2374 κόι
359 2330 438 2375 καὶ
473 2324 601 2380 ὅπως
633 2327 693 2373 ἂν
722 2330 792 2388 φῇ
826 2327 966 2385 ἔχειν,
1019 2323 1075 2374 οὗ

264 2386 525 2444 δυναμένου
550 2384 814 2441 ἀντιλέγειν,
860 2381 952 2431 ἀλλ’
977 2382 1075 2431 ἅνω

262 2444 344 2491 καὶ
380 2441 503 2491 κάτω
537 2442 964 2503 μεταβαλλομένου,-
995 2445 1075 2488 ubi

263 2517 305 2545 v.
347 2502 647 2545 Heindorf.
715 2502 921 2544 Ceterum
971 2516 1074 2544 eum

263 2559 388 2602 codd.
434 2559 637 2615 plurimis
678 2557 922 2613 iisdemque
958 2558 1074 2613 opti-

261 2617 348 2659 mis
371 2616 514 2659 delevi
546 2616 664 2671 quod
683 2617 819 2672 vulgo
846 2620 942 2671 post
965 2613 1068 2660 ἕλω-

259 2688 346 2727 μαι
388 2673 607 2718 insertum
641 2674 876 2729 legebatur
910 2687 1070 2729 prono-

257 2734 361 2773 men
383 2730 430 2773 τί
436 2762 449 2782 ,
481 2731 595 2785 quod
620 2729 912 2787 grammatico
932 2730 1070 2773 alicui

255 2786 410 2830 deberi
428 2787 626 2839 videtur,
656 2787 732 2843 qui
763 2786 950 2843 genitivi
968 2801 1068 2842 pur-

254 2843 373 2888 titivi
396 2843 615 2889 rationem
638 2843 858 2900 explicare
881 2845 1027 2887 vellet.

313 2941 362 2985 C.
391 2942 490 2991 τοῖς
510 2937 727 2997 {sussum}
771 2941 1067 2985 Undecim-

252 2998 375 3041 viri
403 3004 528 3041 erant
600 2999 861 3056 agistratus‚
904 3000 1065 3054 quibus

253 3056 456 3099 solebant
479 3013 597 3099 tratll
617 3056 672 3098 ad
693 3055 957 3111 supplicium
988 3057 1066 3112 qui

251 3113 432 3169 publice
454 3113 649 3157 damnati
668 3118 825 3156 essent.
881 3114 949 3155 De
965 3128 1065 3155 mu-

251 3184 359 3212 nere
397 3175 440 3212 et
478 3176 692 3223 potestate
729 3184 883 3212 eorum
922 3185 1062 3226 nuper

1147 1585 1183 1628 1.
1217 1589 1261 1628 et
1283 1584 1340 1627 11.
1370 1584 1416 1628 in
1447 1585 1599 1630 Germ.
1627 1601 1958 1640 conversorum,

1148 1656 1280 1696 quem
1301 1641 1462 1685 adeant
1490 1658 1681 1698 quorum
1715 1645 1825 1687 haec
1845 1645 1959 1688 scire

1144 1698 1341 1742 interest.
1420 1701 1620 1743 Fuerunt
1666 1708 1815 1744 autem
1879 1702 1959 1756 qui

1144 1756 1257 1799 haec
1290 1757 1431 1799 verba
1463 1772 1543 1812 pro
1579 1758 1849 1814 glossemate
1874 1759 1959 1802 ha·-

1143 1815 1302 1856 berent
1328 1828 1506 1869 prorsus
1535 1814 1787 1871 importuno
1816 1831 1959 1871 eaque

1144 1871 1330 1913 delenda
1366 1871 1635 1914 indicarent:
1689 1887 1823 1927 quam
1857 1888 1958 1915 sen-

1143 1928 1327 1970 tentiam
1385 1943 1526 1984 nuper
1587 1930 1780 1986 amplexi
1856 1935 1957 1974 sunt

1205 1985 1524 2028 eindorfius
1549 2018 1562 2038 ‚
1642 1987 1955 2033 somnior·-

1143 2043 1465 2093 macheras,
1496 2043 1797 2087 Bekkerus.
1839 2044 1954 2087 Mihi

1143 2114 1230 2142 non
1251 2101 1370 2143 male
1381 2100 1561 2143 retineri
1572 2101 1788 2154 videntur,
1816 2116 1953 2157 quum

1142 2157 1323 2224 gravius
1357 2157 1608 2214 significent
1646 2160 1879 2201 molestam
1909 2164 1955 2202 et

1141 2215 1331 2259 invisam
1352 2215 1453 2258 talis
1470 2215 1594 2258 vitae
1612 2216 1922 2260 conditionem.

1197 2290 1276 2334 καὶ
1301 2291 1518 2335 δεδέσθαι
1541 2289 1625 2342 ἕως
1649 2287 1707 2335 ἂν
1729 2290 1948 2348 ἑκτίσως]

1141 2347 1388 2402 Δεδέσθαι,
1413 2349 1467 2391 ἰη
1497 2349 1748 2392 vinculis
1769 2350 1950 2405 publi-

1142 2405 1225 2450 cis
1255 2420 1388 2448 esse.
1449 2407 1655 2448 Ceterum
1682 2408 1758 2449 vel
1781 2420 1833 2449 ex
1859 2407 1949 2450 hoc

1139 2463 1238 2504 loco
1278 2461 1571 2519 intelligimus
1611 2478 1685 2505 eos
1702 2496 1714 2515 ‚
1766 2463 1842 2520 qui
1870 2479 1948 2520 pe-

1138 2520 1270 2562 cunia
1286 2520 1462 2561 multati
1481 2526 1638 2572 essent,
1668 2535 1753 2562 non
1779 2521 1948 2576 potuis-

1137 2591 1183 2618 se
1205 2577 1328 2632 prius
1349 2591 1374 2618 e
1393 2577 1592 2618 custodia
1609 2577 1772 2629 emitti,
1811 2593 1946 2633 quam

1134 2633 1367 2690 pecuniam
1388 2633 1632 2677 solvissent.
1663 2635 1702 2677 D
1714 2648 1825 2677 emo
1838 2651 1856 2678 s
1868 2643 1884 2678 t
1897 2636 1944 2679 h.

1136 2705 1173 2733 c.
1202 2690 1400 2733 Til'nocr.
1430 2705 1471 2746 p.
1521 2690 1589 2732 21.
1618 2690 1658 2733 1.
1690 2689 1782 2745 Ιἐὰν
1805 2686 1943 2751 ἄργυ-

1165 2748 1239 2791 ίου
1262 2748 1438 2804 τιμηθῇ
1452 2781 1464 2802 ,
1515 2747 1735 2793 δεδέσθαι
1768 2745 1853 2801 ἕως
1885 2746 1944 2793 ἂν

1156 2804 1298 2863 κτίσῃ.
1355 2805 1464 2847 Adv.
1510 2804 1621 2862 Mid.
1666 2821 1708 2862 p.
1738 2804 1836 2850 529.
1869 2805 1939 2850 26.

1130 2877 1264 2918 quem
1282 2862 1430 2905 locum
1450 2862 1488 2903 F
1498 2866 1525 2905 o'
1536 2877 1558 2903 r
1571 2878 1591 2905 s
1603 2868 1620 2905 t
1633 2876 1658 2904 e
1669 2878 1690 2904 r
1701 2877 1729 2906 u
1741 2877 1760 2904 s
1789 2864 1943 2907 lauda-

1132 2919 1212 2963 vit.
1241 2934 1280 2962 v.
1305 2927 1479 2975 praeter
1493 2918 1737 2975 interprett.
1761 2920 1937 2978 ad‘Nep.

1132 2976 1325 3020 Miltiad.
1345 2976 1387 3019 7.
1407 2982 1450 3019 et
1467 2975 1634 3019 Cimon.
1657 2977 1696 3019 1.
1729 2977 1937 3020 Meieri

1131 3033 1589 3077 etSchoemanni
1632 3033 1800 3077 librum
1838 3048 1938 3078 sae-

1127 3091 1227 3149 pius
1247 3091 1478 3133 laudatum
1501 3105 1544 3146 p.
1567 3087 1663 3133 517.

1185 3167 1230 3212 εἰ
1259 3162 1406 3218 οὕτως
1436 3161 1677 3220 ἅλόγιστός
1698 3165 1817 3222 εἰμι]
1865 3167 1934 3209 De

253 3226 428 3282 copiose
454 3227 691 3283 disputavit
707 3233 877 3282 praeter
898 3227 1060 3270 Slui-
1123 3223 1211 3269 hoc
1234 3225 1461 3268 indicativi
1478 3238 1560 3266 usu
1586 3238 1623 3267 v.
1646 3223 1701 3265 ad
1726 3238 1818 3279 cap.
1832 3224 1931 3268 XII.

251 3287 354 3326 ter.
385 3285 523 3327 Lectt.
545 3285 756 3327 Andocid.
789 3299 830 3340 p.
855 3282 941 3327 256
964 3300 1056 3340 sqq.
1123 3291 1231 3327 extr.
1261 3307 1289 3317 -
1330 3283 1436 3325 Mox
1465 3282 1616 3337 ζητεῖν
1654 3287 1719 3323 est
1751 3281 1931 3335 velle,

249 3340 373 3382 Ulri
387 3355 451 3382 eu
464 3355 484 3382 s
523 3342 580 3383 ad
619 3343 786 3384 calcem
824 3341 1054 3408 Dialogor.
1121 3355 1145 3382 e
1158 3354 1223 3396 up
1238 3354 1262 3381 e
1274 3354 1296 3381 r
1311 3353 1335 3381 c
1347 3371 1359 3390 ‚
1389 3354 1430 3382 v,
1457 3339 1502 3380 11
1515 3352 1611 3381 eus
1624 3337 1709 3380 dii
1737 3337 1928 3394 Specim.

248 3395 365 3442 Plut.
411 3398 588 3443 Menon.
628 3398 796 3444 Criton.
834 3397 1052 3445 Alcibiad.
1118 3397 1216 3441 erit.
1250 3411 1293 3453 p.
1317 3394 1401 3439 104
1423 3409 1486 3452 sq.
