2040 3646
613 193 716 245 AD
753 191 1181 247 SYMPOSIUM.
1678 195 1749 253 13

62 331 280 389 plectatur
307 326 591 384 etquodnam
613 324 747 372 totius
783 327 928 383 operis
955 327 1014 371 sit
1041 326 1275 372 consilium
1307 329 1439 384 atque
1461 325 1748 385 propositum,

63 403 196 458 plane
216 400 400 456 aperiat.
457 399 679 455 Quocirca
695 398 772 452 iis,
803 399 880 454 qui
899 397 1062 441 rectius
1089 399 1144 441 de
1171 399 1258 441 hac
1292 413 1425 443 causa
1455 399 1652 442 iudicare
1670 412 1752 449 vo·-

62 472 175 523 lunt‚
196 471 331 513 simul
347 470 558 513 intuenda
570 474 635 512 est
653 469 803 525 imago
823 469 905 512 illa
919 469 1128 523 Socratis,
1149 483 1282 526 quam
1296 474 1424 513 antea
1444 470 1751 529 adumbratam

62 543 285 594 dedimus,
317 546 361 586 et
378 540 692 584 consideranda
708 540 825 583 haec*
842 540 896 583 de
918 554 1068 584 amore
1085 540 1266 596 eiusque
1288 540 1333 583 vi
1358 545 1402 583 et
1421 544 1580 583 natura
1600 539 1752 597 dispu⁴

65 613 189 657 tatio.
231 612 474 666 Quo-facto
494 624 582 653 non
603 611 772 666 dubito,
797 611 902 666 quin
923 610 1172 664 consilium,
1189 611 1304 666 quod
1316 612 1444 654 Plato
1463 611 1512 654 in
1525 612 1613 654 hoc
1631 611 1751 655 libro

65 683 297 727 scribendo
319 686 494 725 secutus
519 685 609 736 cst,
638 675 685 724 in
704 682 776 725 his
794 683 886 725 fere
907 683 1028 725 cerni
1048 696 1198 725 omnes
1220 682 1307 725 sint
1337 682 1603 725 concessuri.
1660 681 1752 725 Vo-

64 747 151 798 luit
169 753 288 796 enim
324 752 479 794 docere
501 752 791 808 philosophus
835 767 1033 796 amorem
1055 766 1230 796 omnem
1254 752 1550 795 revocandum
1578 766 1672 795 esse
1692 753 1751 796 ad

66 822 481 880 contemplationem
506 823 632 865 illam
657 823 897 867 immensae
915 829 959 867 et
975 824 1148 867 divinae
1173 823 1494 880 pulcritudinis,
1518 838 1630 878 quae
1654 838 1753 867 ma-

66 896 233 940 ximam
254 895 538 953 habeatcum
571 889 782 938 bonitatis
815 894 960 950 specie
991 899 1035 938 et
1063 896 1207 937 forma
1240 886 1589 941 coniunctionem
1610 899 1654 938 et
1673 909 1753 939 nei·

67 964 390 1015 cessitudinem.
418 979 460 1006 v.
486 979 526 1020 p.
549 963 647 1007 201.
672 965 720 1010 C.
779 966 908 1008 Hanc
936 966 1055 1008 euim
1086 954 1125 1009 si
1156 965 1253 1021 quis
1273 964 1517 1017 intueatur,
1545 965 1644 1008 fieri
1664 974 1753 1010 non

66 1051 218 1095 posse,
248 1035 353 1090 quin
376 1048 574 1083 summae
597 1035 881 1079 beatitudinis
906 1051 1036 1079 sensu
1069 1041 1201 1091 atque
1223 1036 1394 1080 laetitia
1421 1036 1670 1092 repleatur,
1698 1052 1754 1083 ex

65 1107 189 1151 illius
222 1106 430 1160 adspectu
460 1105 509 1148 in
544 1105 741 1148 animum
763 1108 1058 1161 redundante,
1104 1109 1300 1164 adeoque
1332 1108 1434 1151 talis
1467 1108 1648 1162 evadat,
1676 1108 1755 1165 qui.

65 1192 218 1222 veram
236 1177 446 1219 virtutem
465 1176 643 1233 gignat,
673 1177 757 1220 diis
780 1192 906 1221 carus
929 1179 1011 1232 sit,
1040 1182 1198 1235 atque,
1229 1179 1267 1222 si
1288 1179 1384 1235 quis
1413 1180 1543 1233 alius,
1571 1181 1757 1224 immor·-

65 1248 285 1292 talitatem
303 1252 609 1302 consequatur.
630 1262 671 1291 v.
686 1263 728 1304 p.
741 1248 838 1294 212.
868 1250 919 1293 A.
963 1251 1063 1306 Quo
1085 1250 1262 1306 quidem
1283 1265 1420 1307 quum
1434 1251 1543 1294 eniti
1563 1251 1757 1296 maxime

66 1321 219 1363 deceat
237 1316 578 1374 philosophum,
610 1318 806 1362 Socratis
828 1322 1028 1377 exemplo
1061 1321 1286 1365 illustrare
1313 1322 1448 1366 etiam
1470 1323 1639 1376 studet,
1667 1337 1757 1378 qua

65 1391 146 1434 via
174 1389 462 1432 incedendum
491 1388 549 1431 sit
586 1388 654 1442 ei,
701 1390 778 1445 qui
805 1390 915 1433 illuc
941 1392 1167 1447 pervenire
1200 1394 1360 1450 cupiat.
1430 1394 1606 1436 Etenim
1627 1394 1673 1437 id
1692 1394 1759 1438 ait

67 1461 261 1506 maxime
283 1475 378 1503 esse
392 1461 638 1516 agendum,
669 1465 718 1503 ut
742 1475 845 1503 cum
874 1463 1071 1518 corporis
1096 1465 1259 1507 robore
1287 1468 1332 1507 et
1363 1465 1549 1508 sanitate
1572 1465 1761 1509 coniun-‘

68 1538 190 1576 ctum
209 1533 380 1578 habeas
401 1531 601 1574 animum
630 1532 788 1574 fortem
802 1568 814 1588 ‚
855 1538 1148 1588 constantem,
1175 1536 1476 1588 moderatum,
1492 1539 1759 1592 'temperan-

67 1609 183 1656 tem,
211 1618 266 1646 ne
289 1602 603 1666 cupiditatibus
627 1602 834 1645 delinitus
857 1603 1048 1648 vincaris
1076 1610 1121 1649 ct
1140 1611 1264 1650 recta
1296 1606 1433 1650 animi
1468 1607 1654 1650 consilia
1677 1608 1760 1651 aba

66 1675 194 1724 iicias
215 1678 291 1717 aut
317 1673 536 1730 negligas.
567 1673 720 1729 Neque
738 1678 884 1716 tamen
902 1676 1030 1718 Plato
1053 1678 1197 1720 voluit
1218 1677 1535 1733 philosophum
1560 1679 1616 1720 ab
1633 1692 1761 1721 amo-

69 1761 120 1789 re
136 1759 285 1804 rerum
303 1749 580 1787 externarum
595 1776 609 1797 ,
639 1759 750 1800 quac
772 1745 987 1789 haberent
1004 1748 1362 1802 pulcritudinem,
1391 1763 1568 1804 prorsus
1592 1750 1760 1793 abhor-

66 1831 166 1860 rere
181 1848 193 1868 ,
223 1813 383 1870 quippe
400 1815 479 1870 qui
508 1830 731 1858 summum
750 1816 867 1859 vitae
894 1818 1115 1861 humanae
1132 1820 1302 1862 bonum
1323 1834 1410 1861 non
1429 1819 1475 1861 in
1499 1821 1596 1862 sola
1619 1820 1760 1864 animi

66 1886 311 1944 sapientia,
341 1886 420 1928 sed
442 1886 578 1928 etiam
605 1885 652 1927 in
672 1887 923 1943 voluptate,
953 1903 1065 1944 quae
1094 1904 1196 1932 cum
1231 1889 1313 1933 illa
1349 1895 1465 1933 esset
1506 1891 1758 1947 coniuncta,

66 1957 318 2016 ponendum
339 1971 435 1999 esse
459 1956 744 2010 iudicaverit3
788 1959 841 2001 de
864 1974 950 2015 qua
969 1975 1018 2002 re
1054 1961 1101 2003 in
1128 1960 1399 2016 praefatione
1431 1962 1487 2004 ad
1518 1962 1760 2005 Philebum

67 2027 373 2085 explicuimus.
434 2029 597 2070 Verum
616 2028 736 2070 enim
753 2044 879 2082 vero,
910 2032 1279 2085 quemadmodum
1292 2032 1563 2087 voluptatem
1582 2047 1760 2077 omnem

67 2099 236 2142 censuit
252 2099 569 2164 moderandam
594 2104 637 2142 et
661 2101 946 2143 coercendam
975 2116 1070 2145 esse
1095 2102 1278 2146 rationis
1311 2108 1355 2145 et
1381 2103 1620 2159 sapientiae
1639 2105 1759 2161 legi-

66 2173 152 2215 bus
168 2202 180 2223 ‚
209 2170 273 2225 ita
299 2169 433 2212 etiam
466 2184 664 2212 amorem
685 2185 836 2214 rerum
858 2172 1151 2218 iucundarum
1176 2178 1219 2216 ct
1241 2175 1497 2229 pulcrorum
1523 2174 1758 2219 hominum

67 2241 280 2291 iudicavit
295 2241 527 2296 paullatim
545 2243 843 2284 revocandum
869 2257 965 2286 esse
989 2248 1033 2287 et
1054 2244 1180 2300 quasi
1196 2245 1470 2287 evehendum
1483 2245 1539 2288 ad
1563 2244 1760 2288 studium

67 2318 119 2373 ⁰¹².
138 2325 336 2370 amorem
360 2312 588 2353 absolutae
606 2312 914 2366 pulcritudinis
944 2316 1010 2369 (v.
1033 2331 1076 2371 p.
1104 2314 1203 2358 210.
1232 2316 1284 2358 A.
1308 2317 1451 2371 sqq.),
1495 2329 1629 2371 quam
1657 2329 1760 2360 cum

65 2376 164 2442 ipsa
179 2382 376 2427 bonitate
396 2382 645 2427 ‚arctissime
675 2384 955 2428 coniunctam
984 2401 1080 2428 esse
1112 2400 1214 2429 cum
1247 2386 1358 2430 alibi
1384 2386 1564 2441 docuit,
1601 2391 1696 2428 tum
1715 2402 1762 2442 pi

65 2455 165 2499 201.
188 2455 237 2497 C.
267 2453 347 2495 ubi
371 2468 412 2495 v.
446 2457 593 2496 annot.
662 2454 991 2499 Nimirum-illo
1023 2471 1174 2499 amore
1202 2457 1318 2499 effici
1343 2458 1669 2510 arbitrabatur,
1711 2459 1763 2500 ut

67 2527 241 2570 animus
269 2524 326 2567 ad
364 2539 520 2568 veram
549 2525 872 2581 perfectamque
906 2527 1247 2582 pulcritudinem
1272 2528 1599 2583 percipiendam
1619 2533 1663 2571 et
1688 2527 1760 2570 in-

67 2597 276 2640 tuendam
301 2595 534 2651 paullatim
556 2595 702 2652 magis
729 2597 962 2653 magisque
996 2597 1179 2640 idoneus
1203 2599 1481 2641 reddereturz
1521 2599 1585 2641 ita
1614 2603 1664 2642 ut
1692 2599 1762 2642 fa-

67 2668 152 2711 cile
172 2671 342 2724 pateat,
381 2656 594 2722 quantu'm
619 2681 746 2710 amor
774 2669 966 2712 Socratis
998 2683 1108 2725 erga
1131 2670 1306 2725 pulcros
1339 2670 1651 2723 adolescentes,
1681 2661 1762 2724 qui

67 2739 111 2782 ci
138 2753 166 2782 a
188 2739 374 2781 Platone
390 2738 578 2793 aliisque
594 2738 833 2792 tribuitur,
861 2739 1059 2782 diversus
1083 2740 1140 2783 sit
1161 2742 1216 2783 ab
1242 2755 1318 2793 eo,
1347 2741 1422 2783 cui
1448 2741 1639 2782 Graecos
1658 2740 1761 2783 vul-⁶

66 2824 128 2866 go
161 2807 396 2851 indulsisse
427 2813 522 2850 tum
551 2809 631 2852 alii
659 2811 969 2863 ostenderunt,
1022 2814 1118 2853 tum
1156 2811 1368 2854 Christ.
1409 2811 1461 2853 M
1475 2810 1672 2855 einers
1709 2809 1759 2854 iu

66 2880 171 2925 Sor
187 2872 328 2936 iptis
356 2879 518 2921 Varii
545 2880 891 2939 Argumenti
921 2882 977 2924 T.-
1014 2883 1049 2924 I.
1081 2897 1123 2937 p.
1141 2882 1199 2924 70
1222 2897 1316 2937 sqq.

232 2951 290 2992 Et
318 2951 515 3004 profecto
543 2947 672 2993 Plato
702 2966 829 2995 suam
858 2953 912 2994 de
941 2966 1091 2994 amore
1123 2952 1382 2995 sententiam
1415 2951 1650 3007 explicavit
1677 2952 1759 3005 sic,

65 3024 115 3063 ut
136 3035 235 3064 eam
256 3034 345 3062 uon
377 3022 508 3063 modo
537 3021 802 3078 vulgaribus
835 3022 1090 3078 aequalium
1126 3022 1180 3064 de
1215 3037 1267 3065 eo
1298 3022 1475 3066 iudiciis
1505 3027 1760 3078 opponeret,

61 3092 141 3136 sed
159 3083 294 3134 etiam
317 3092 614 3146 sophistarum
632 3097 763 3147 atque
788 3093 1018 3136 rhetorum
1037 3092 1083 3136 in
1106 3093 1228 3135 illius
1251 3094 1458 3136 laudibus
1484 3092 1764 3136 celebrandis

62 3164 134 3205 vel
149 3162 394 3206 rationibus
418 3163 686 3219 explicandis
705 3163 894 3206 mirifice
906 3163 1219 3206 exsultantium
1239 3164 1404 3207 rideret
1424 3163 1624 3218 ineptias.
1653 3164 1762 3206 Ete-⁴

62 3233 397 3292 nim-sophistas
416 3234 505 3276 hoc
541 3239 853 3290 argumentum
874 3232 1076 3275 certatim
1100 3237 1310 3277 tractasse
1339 3248 1441 3277 cum
1469 3233 1560 3277 alia
1587 3233 1760 3286 docent,

62 3307 158 3351 tum
179 3303 376 3346 Platonis
398 3304 586 3360 Hippias
604 3304 778 3356 maior3
806 3304 1009 3347 rhetores
1034 3317 1140 3347 vero
1176 3304 1311 3347 etlam
1342 3303 1390 3347 in
1424 3304 1579 3347 eodem
1604 3317 1761 3359 campo

60 3387 109 3425 se
125 3374 371 3419 exercuisse
395 3388 527 3420 nemo
545 3374 792 3429 dubitabit,
832 3374 911 3432 qui
939 3374 1198 3421 meminerit
1223 3374 1347 3421 iuius
1376 3373 1616 3429 orationis,
1644 3381 1760 3432 quae
