2040 3646
722 147 1150 203 SYMPOSIUM.

1668 126 1767 210 10⁷

97 282 306 389 θρῶπῳ
345 281 420 344 οὐ
457 283 701 363 μίγνυται
719 326 735 355 ,
796 281 935 342 αλλὰ
974 281 1065 343 διὰ
1100 282 1309 344 τούτου
1355 282 1506 344 πᾶσά
1548 283 1762 346 ἐστιν
1723 309 1763 366 η

68 366 295 448 ,ὃιιιλίοκ
323 370 415 427 καὶ
462 366 501 448 ἡ
537 367 813 440 διάλεκτος
847 374 1003 441 θεοῖς
1043 366 1183 447 πρὸς
1227 366 1589 446 ανθρώπους,
1670 372 1765 428 καὶ

99 451 417 532 ἐγρηγορόσι
456 454 548 510 καὶ
582 450 942 511 καθεύδουσι.
996 454 1090 510 καὶ
1124 451 1156 511 6
1179 454 1292 530 ‘civ'
1303 454 1424 529 περὶ
1450 450 1515 511 τὰ
1537 460 1764 558 τοιαῦτα

98 535 280 614 σοφὸς
312 535 595 612 δαιμόνιος
631 534 796 615 ανήρ,
852 534 885 595 6
923 537 981 595 δὲ
1016 534 1151 596 ἄλλο
1186 560 1238 596 τι
1273 533 1513 622 σοφὸς
1481 561 1557 596 ων
1580 534 1618 618 ἠ
1608 536 1764 615 περὶ

95 621 284 697 τέχνας
307 617 344 699 ἢ
371 621 711 728 χειρουργίας
731 617 881 692 τινὰς
903 619 1197 696 βάναυσος.
1252 622 1409 680 οὑτοι
1446 618 1517 699 δὴ
1551 623 1605 680 οῖ
1640 623 1762 681 δαί-

97 728 258 781 μονες
278 707 475 763 πολλοὶ
504 706 595 762 καὶ
617 706 961 763 παντοδαποί
985 706 1149 788 giem),
1206 700 1282 777 εἷς
1318 706 1376 763 δὲ
1411 704 1620 765 τούτων
1653 707 1764 766 ἐστὶ

236 787 252 809 t
273 786 301 808 ,Ι

96 791 188 847 καὶ
223 813 256 847 ο
301 793 478 883 Ερως.

566 785 792 864 Πατρός
827 787 920 859 δέ,
961 789 1042 895 ,ἠν
1083 786 1133 847 6'
1158 788 1287 866 ἐγώ,
1339 789 1486 861 τίνος
1524 789 1635 848 ἐστὶ
1670 791 1763 849 καὶ

23 882 26 886 ’
94 871 332 953 μητρός,·
385 870 743 975 Μακρότερου
777 871 906 947 μέν,
959 873 1094 951 ἔφη,
1165 870 1552 952 διηγήσασθαι·
1616 870 1830 951 όμωςΒ

95 958 156 1016 δέ
179 972 269 1015 σοι
299 956 420 1035 ἐρῶ.
472 951 560 1014 ὅτε
595 952 698 1034 γὰρ
733 954 936 1034 ἐγένετο
973 952 1011 1036 ἡ
1048 954 1372 1036 Ἀφροδίτη,
1414 958 1686 1018 εἱστιῶντο
1709 960 1764 1018 οἱ

147 1144 180 1205 ἢ
198 1145 305 1206 περὶ.
326 1145 508 1203 τέχνας]
539 1146 588 1191 V.
618 1141 648 1203 ἢ
666 1143 773 1204 περὶ
792 1141 875 1198 τὰς
896 1145 1072 1203 τέχνας.

93 1288 209 1334 inter
225 1288 327 1330 deos
342 1290 472 1343 atque
489 1286 691 1330 homines
703 1285 850 1329 medii.
867 1311 895 1320 -

94 1344 199 1388 καὶ
251 1342 613 1411 ἐγρηγορόσι
652 1343 748 1386 καὶ
797 1355 896 1386 κοι-

92 1404 132 1445 θ
146 1417 203 1445 εν
221 1402 316 1445 δον
335 1415 402 1444 σι.
458 1401 693 1467 Ingeniosa
716 1404 778 1442 est
794 1415 897 1442 eon-

91 1458 262 1502 iectura
287 1457 559 1510 Heusdii,
601 1457 678 1512 qui
706 1458 895 1526 Specim.

94 1515 253 1572 Crit.p
259 1513 362 1558 .65.
392 1515 636 1582 legendum
661 1529 759 1556 cens
764 1519 827 1555 et:
861 1510 895 1582 ἡ

94 1532 328 1622 διάλεκτος
378 1573 511 1620 θεοῖς
552 1567 693 1638 πρὸς
712 1567 896 1638 ἀνθρώ-

93 1645 211 1679 πους
231 1628 310 1672 καὶ
326 1625 597 1700 ἀνθρώποις
611 1623 726 1685 πρὸς
738 1624 896 1679 θεούς,

94 1685 174 1730 καὶ
197 1683 462 1744 ἐγρηγορόσι
488 1684 567 1727 καὶ
595 1672 894 1728 καθεύδουσι.

96 1745 359 1798 Quanquam
393 1742 565 1784 defendi
597 1746 716 1796 potes
720 1746 736 1783 t
765 1741 896 1783 lectio

94 1799 277 1855 vulgata
311 1799 402 1852 ita,
443 1803 495 1840 ut
528 1801 764 1841 verborum
795 1812 899 1839 con-

95 1857 379 1898 structionem
422 1855 618 1897 dicamus
656 1856 899 1896 conforma-

94 1918 186 1955 tam
226 1927 270 1953 es
274 1927 320 1954 se
360 1911 506 1967 potius
547 1912 603 1953 ad
640 1912 898 1953 sententiam

94 1969 263 2025 ipsam,
335 1982 469 2023 quam
528 1968 583 2010 ad
642 1967 900 2023 grammati-

96 2041 193 2069 cam
216 2025 507 2068 subtilitatem
527 2039 579 2066 ac
609 2022 898 2093 diligentiam.

96 2084 245 2137 Quum
275 2082 394 2123 enim
419 2082 589 2122 dicatur
614 2077 785 2137 ὁμιλεῖν
809 2095 900 2123 τινι

95 2143 140 2182 et
163 2136 456 2193 διαλέγεσθαί
477 2153 596 2189 τινι,
636 2138 769 2180 etiam
801 2132 899 2190 ὁμι-

98 2195 175 2238 ata
196 2194 275 2238 καὶ
297 2192 530 2243 διάλεκτός
549 2210 642 2237 τινι
669 2199 786 2236 recte
812 2193 900 2236 dici

94 2251 249 2318 potuit.
283 2252 379 2304 [cf.
400 2251 628 2294 Astius'
614 2266 660 2293 ιιι
675 2251 755 2293 Ed.
772 2250 901 2306 Sym-

94 2308 209 2364 posii
241 2323 279 2351 c.
300 2309 369 2350 28.
403 2323 446 2362 Ρ.
472 2306 570 2349 262.
582 2308 619 2363 ].
675 2309 732 2349 Et
764 2321 901 2360 quum

97 2371 226 2408 antea
263 2380 350 2407 non
383 2363 591 2407 dixisset·
645 2362 773 2406 πᾶσά
805 2361 901 2407 ἐστι

96 2424 229 2471 θεοῖς
263 2417 293 2476 ἡ
326 2417 478 2476 ὁμιλία
500 2419 577 2464 καὶ
608 2418 636 2475 ἡ
670 2417 903 2469 διάλεκτος

97 2473 398 2536 ἀνθρώποις,
457 2478 533 2520 sed
582 2477 902 2543 perspicuitatis

99 2550 231 2579 causa
280 2551 330 2577 us
314 2550 384 2576 us
431 2538 545 2576 esset
583 2549 764 2589 praepos
767 2533 902 2576 itione

164 2590 215 2642 ός
225 2592 371 2634 addito
384 2605 488 2634 casu
500 2591 762 2645 accusativo,
787 2603 903 2631 nune

97 2607 158 2692 ηιξ
172 2649 418 2704 legitimam
446 2648 813 2690 constructionem
834 2661 904 2687 re-

99 2710 271 2748 vertens
291 2736 305 2757 ,
362 2706 566 2760 neglecta
614 2703 906 2761 grammatica

98 2761 355 2817 diligentia,
385 2761 579 2803 dativum
603 2765 700 2816 post
727 2774 905 2803 accusa-

98 2819 162 2863 tiv
167 2833 242 2859 um
262 2822 380 2859 reete
396 2817 556 2859 inferre
582 2817 736 2873 potuit.

158 2876 210 2917 B.
251 2872 326 2916 ὅτε
346 2869 432 2931 γὰρ
457 2870 628 2926 ἐγένετο
649 2874 705 2928 -]
738 2873 905 2915 Multos

98 2931 210 2973 haec
230 2931 362 2972 sabul-
355 2945 381 2972 ι
402 2935 530 2981 nacta
543 2935 609 2972 est
628 2930 902 2983 interpretes,

100 2987 298 3030 Laudant
324 2979 531 3029 Plutar
543 2987 617 3030 ch.
649 2987 701 3028 de
730 2986 832 3027 lsid.
862 2988 906 3026 et

103 3043 221 3084 Osir.
258 3042 420 3097 p.374.
450 3042 498 3084 C.
533 3058 582 3097 sq
585 3057 625 3097 q.
685 3042 903 3084 Maxim.

103 3100 232 3155 Tyr.
261 3099 316 3140 X.
342 3098 382 3140 4.
413 3113 454 3153 p.
478 3099 574 3140 1⁰7.
630 3098 901 3141 Themist.

104 3154 226 3196 Orat.
250 3155 374 3196 xm.
408 3170 449 3209 p.
470 3154 567 3196 162.
592 3156 645 3197 B'.
671 3156 718 3196 C.
779 3153 906 3195 Ori-

103 3225 226 3267 gen.
256 3225 293 3251 c.
326 3211 439 3252 Cels.
468 3211 541 3255 lv
583 3209 740 3266 p.532.
795 3211 908 3252 Eu-

106 3268 219 3309 seb.
249 3267 408 3321 Praep.
429 3268 516 3308 Ev.
535 3227 632 3309 xil.
666 3267 731 3307 ll.
775 3267 909 3308 Plo-

105 3322 204 3364 tin.
235 3337 276 3377 p.
288 3323 387 3365 293.
411 3322 463 3365 A.
492 3339 532 3379 Ρ.
553 3320 652 3365 295.
676 3323 725 3364 C.
755 3321 908 3376 Ρ.296.

105 3378 156 3423 F.
215 3393 257 3433 p.
283 3377 381 3422 298.
423 3379 478 3423 Β.
512 3392 604 3435 sqq.
661 3394 703 3435 Ρ.
731 3377 829 3422 317.
856 3379 910 3423 B.

959 1288 1103 1343 Porp
1076 1286 1320 1371 Ρ.Ρ1ιξι·
1265 1300 1320 1343 ap
1323 1287 1489 1333 ..Stob
1516 1289 1671 1346 Eclog.
1704 1290 1762 1334 T.

958 1345 1018 1388 ΙΙ.
1047 1360 1090 1400 Ρ.
1121 1343 1218 1388 8-6.
1277 1344 1367 1400 Qui
1396 1347 1765 1400 quemadmodum

960 1416 1048 1444 non
1069 1416 1156 1442 uno
1179 1402 1307 1444 modo
1336 1402 1390 1443 de
1409 1403 1493 1445 hac
1516 1404 1766 1446 narratione

962 1462 1183 1510 statuunt,
1222 1459 1286 1503 ita
1312 1473 1368 1500 ne
1385 1474 1419 1501 ιι
1450 1460 1646 1514 quidem,
1688 1459 1767 1514 qui

961 1515 1280 1558 recentioribus
1338 1517 1607 1570 temporibus
1666 1530 1766 1562 eam

962 1572 1187 1614 illustrare
1218 1572 1363 1615 conati
1395 1578 1518 1625 sunt,
1574 1573 1688 1614 inter
1717 1587 1765 1615 se

962 1628 1249 1671 consentiunt.
1305 1629 1401 1671 vid.
1438 1634 1609 1684 praeter
1638 1630 1765 1685 alios,

962 1686 1526 1740 quoslaudavitAstius,
1553 1686 1767 1742 Syden-

961 1743 1157 1784 hamus
1183 1742 1296 1797 apud
1313 1743 1520 1784 Wolfium
1540 1758 1582 1798 p.
1594 1731 1765 1798 75sqq.

961 1798 1255 1841 Mendelss
1268 1799 1375 1840 ohn
1425 1798 1490 1853 ΟΡ
1495 1814 1556 1841 er.
1604 1800 1765 1854 philos.

963 1856 1019 1897 '1.
1053 1855 1091 1897 1.
1135 1870 1174 1910 Ρ.
1135 1854 1301 1910 Ρ148.
1360 1856 1390 1898 S
1416 1856 1764 1912 chelling.

961 1911 1382 1967 Brunon.p.188sq.
1405 1913 1552 1968 etipse
1573 1913 1766 1955 Astius
1799 1942 1812 1955 .

965 1969 1022 2011 ad
1061 1969 1108 2010 h.
1150 1969 1182 2011 l.
1238 1969 1291 2010 In
1344 1973 1463 2010 tanta
1512 1968 1767 2023 opinionum

964 2024 1256 2079 discrepantia
1273 2024 1416 2080 ipsum
1426 2026 1671 2081 Platonem,
1700 2027 1768 2068 fa-

963 2083 1096 2124 bulae
1118 2086 1355 2133 auctorem,
1381 2096 1636 2136 sequamur:
1665 2083 1769 2137 phi-

964 2139 1250 2192 losophorum
1275 2139 1567 2180 recentiorum
1597 2139 1768 2182 somnia

965 2209 1017 2238 ac
1041 2195 1354 2247 deliramenta,
1385 2196 1526 2249 quoad
1551 2195 1645 2236 eius
1669 2195 1771 2238 fieri

963 2252 1114 2307 possit,
1141 2252 1375 2306 prudenter
1387 2265 1631 2303 caveamus,
1656 2265 1772 2307 quae

966 2309 1070 2351 satis
1099 2313 1313 2350 testantur
1340 2308 1650 2363 philosophos,
1691 2307 1770 2364 qui

965 2365 1095 2407 unice
1114 2379 1195 2406 sua
1208 2370 1442 2418 sequantur
1464 2366 1652 2417 decreta,
1681 2379 1770 2407 non

967 2435 1071 2463 sane
1105 2422 1290 2476 optimos
1313 2435 1407 2463 esse
1440 2427 1636 2463 veterum
1670 2421 1771 2477 phi-

963 2478 1251 2532 losophorum
1272 2478 1543 2533 interpretes.
1599 2479 1658 2520 Et
1679 2477 1772 2534 pri-

967 2549 1090 2576 mum
1125 2535 1300 2588 quidem
1340 2539 1519 2590 apparet
1548 2535 1666 2577 hane
1705 2535 1773 2577 fa-

966 2592 1120 2634 bulam
1144 2605 1195 2632 eo
1224 2590 1405 2633 consilio
1427 2606 1522 2633 esse
1545 2591 1772 2643 insertam,

968 2653 1018 2690 ut
1073 2648 1234 2689 clarius
1285 2648 1608 2703 intelligeretur
1654 2647 1772 2701 quod

968 2708 1097 2747 antea
1121 2703 1287 2746 dixerat
1304 2705 1524 2756 Dioffima,
1561 2705 1773 2746 Amorem

968 2761 1165 2806 medium
1202 2775 1296 2802 esse
1344 2760 1459 2802 inter
1497 2761 1599 2801 deos
1641 2765 1773 2813 atque

968 2818 1170 2860 homines
1200 2817 1386 2871 ideoque
1404 2818 1449 2858 in
1470 2830 1652 2858 numero
1672 2815 1776 2857 dae-

969 2888 1153 2916 monum
1190 2873 1349 2915 haberi
1377 2878 1593 2928 oportere.
1651 2873 1775 2926 Quo-

972 2933 1091 2973 circa
1112 2934 1162 2972 ut
1184 2934 1373 2985 pateret,
1391 2929 1499 2996 qui
1517 2929 1681 2972 factum
1706 2941 1778 2970 es·-

968 2991 1061 3041 set,
1100 2991 1149 3028 ut
1173 2991 1330 3029 natma
1365 2985 1458 3027 eius
1486 2984 1601 3027 inter
1632 2985 1777 3040 perfe-

967 3048 1085 3085 ctam
1138 3047 1181 3084 et
1232 3043 1530 3096 imperfectam
1581 3041 1777 3082 medium

970 3099 1095 3154 quasi
1115 3099 1262 3140 locum
1282 3103 1460 3149 teneret,
1488 3097 1780 3163 philosophus

972 3170 1074 3197 eum
1106 3155 1249 3196 filium
1291 3169 1336 3196 es
1329 3169 1385 3195 se
1422 3154 1550 3195 iussit
1584 3152 1692 3194 Pori
1734 3154 1781 3198 el:

972 3210 1158 3263 l'eniae‚
1199 3212 1285 3252 hoc
1316 3216 1380 3252 est
1402 3209 1704 3252 Abundantiae
1736 3212 1782 3251 et

972 3243 1268 3335 Pauper’tatis.
1318 3269 1419 3321 Qua
1444 3265 1621 3320 quidem
1641 3263 1786 3307 fictio-

977 3338 1032 3366 ne
1054 3323 1160 3378 quid
1191 3323 1485 3378 significetur,
1536 3321 1696 3376 partim
1729 3333 1784 3363 ex

971 3387 1032 3424 eo
1052 3379 1339 3436 intelligitur,
1379 3355 1495 3435 quod
1521 3380 1664 3424 Porus
1685 3377 1786 3421 Me-
