2040 3646
257 151 362 212 138

912 146 1278 204 PLATONIS

258 282 384 346 οὐδ’
405 282 672 362 ἐπιθυμία
701 295 764 343 σε
790 280 977 389 ἄλλης
1000 283 1212 359 πόλεως
1243 282 1369 345 ov'd'
1391 281 1492 372 ζιλλ
1494 307 1572 345 ων
1605 285 1790 363 νόμων
1818 285 1944 346 ἕλα-

258 376 352 448 βεν
385 369 613 443 εἰδέναι,
671 366 811 428 αλλὰ
850 367 1006 450 ἡμεῖς
1041 383 1132 430 σοι
1165 371 1345 431 ἱκανοὶ
1371 361 1511 449 ἦμεν
1532 371 1626 428 καὶ
1644 394 1682 450 η
1713 369 1942 450 ἡμετέρα

170 463 218 519 C
257 455 450 526 πόλις·
477 450 625 514 οὕτω
649 453 874 532 σφόδρα
898 452 1043 534 ημᾶς
1067 453 1248 533 ᾑροῦ,
1290 455 1384 514 καὶ
1406 452 1700 533 ωιιολόγεις
1718 455 1848 514 καθ’
1867 453 1940 535 ή-

255 545 363 617 μᾶς
386 537 778 599 πολιτεύεσθαι
804 538 872 598 τά
897 562 951 599 τε
976 536 1116 599 ἄλλα
1139 542 1232 600 καὶ
1252 542 1454 613 παῖδας
1489 540 1545 599 ἐν
1581 538 1724 618 αὐτῇ
1750 540 1941 620 ἐποιή-

270 756 273 757 ’
310 743 561 805 ὡμολόγεις
584 741 697 792 καθ’
719 742 842 804 ἡμᾶς
865 744 1209 804 πολιτεύεσθαι]
1239 746 1450 805 Stephan.
1477 745 1846 793 πολιτεύσεσθαι.

311 882 413 933 οὐδ’
455 883 603 933 αλλων
628 912 659 921 -
701 887 895 956 εἰδέναι]
948 890 996 932 h.
1027 905 1066 933 e.

255 938 367 997 ὥςτε
379 943 548 990 εἰδέναι
573 941 759 996 αὐτούς.
788 961 828 990 V.
854 948 1064 991 Buttm.

254 1006 297 1060 §-
324 1003 423 1047 127.
443 1003 486 1047 2.
518 1029 546 1038 -
573 1003 855 1060 »Archelai‘
841 1018 887 1045 ιιι
913 1005 1067 1046 Mace-

253 1060 432 1104 doniam
464 1075 567 1102 eum
600 1061 824 1103 invitantis
855 1061 1066 1104 aliorum—

252 1132 340 1173 que
370 1117 619 1174 principum
656 1118 875 1173 promissa
919 1119 1066 1173 ipsum

250 1175 502 1231 neglexisse
515 1176 710 1217 referunt
723 1175 903 1227 Seneca,
930 1176 1067 1218 Laer-

250 1231 366 1286 tius,
394 1232 638 1286 Libanius,
667 1232 790 1275 alit«
829 1233 1065 1276 Forste-

248 1303 275 1332 r
286 1303 315 1331 u
329 1305 365 1332 s-

308 1347 358 1391 Ο,
417 1342 666 1401 ωμολόγεις
692 1340 803 1388 καθ’
832 1340 954 1400 ἡμᾶς
979 1359 1066 1389 πο-

250 1400 547 1459 λιτεύεσθοιι]
587 1403 771 1446 Notabis
797 1402 1066 1445 infinitivum

253 1460 466 1517 temporis
483 1461 747 1528 praesentis,
780 1475 912 1514 quem
935 1460 1064 1502 Ste-

248 1519 472 1586 phau-us
514 1517 666 1560 invitis
706 1517 932 1559 codicibus
964 1532 1063 1559 mu-

217 1576 359 1620 “tavit
388 1577 435 1619 in
468 1572 837 1619 πολιτεύσεσθαι.
894 1575 1063 1617 Eodem

247 1634 381 1676 modo
434 1647 530 1701 cap.
555 1632 677 1674 XIII.
710 1635 818 1674 extr
874 1630 956 1675 καὶ
990 1626 1063 1675 ὅτι

247 1687 536 1747 ὁμολογήσας
555 1683 584 1745 ἦ
602 1688 695 1745 μὴν
714 1690 966 1732 πείθεσθαι
983 1684 1061 1731 οὔ·

245 1763 297 1792 τε
321 1750 538 1792 πείθεται
558 1747 666 1791 οὔτε
682 1747 850 1790 πείθει.
879 1752 922 1788 et
936 1747 1062 1801 paul-

245 1805 294 1848 lo
318 1811 443 1861 post.
475 1801 730 1873 φάσκοντες
763 1817 810 1847 σε
831 1801 1061 1871 ωμολογη-

243 1861 376 1932 ,ξέναι
399 1859 751 1913 πολιτεύεσθαι,
789 1865 920 1929 atque
945 1854 1057 1903 καθ’

245 1914 304 1969 ἃς
329 1916 438 1976 ἡμῖν
475 1919 675 1973 ξυνέθου
714 1916 1056 1974 πολιτεύεσθαι,

244 1978 327 2020 ubi
358 1977 675 2032 Stephanus
722 1975 877 2018 itidem
911 1990 1059 2017 σοιτο-

244 2034 310 2079 xit
338 2035 582 2086 πείσεσθαι
610 2039 654 2076 et
685 2030 1054 2082 πολιτεύσεσθαι.

244 2092 388 2160 Legg.
423 2107 464 2147 p.
487 2091 586 2137 937,
625 2093 679 2135 Β.
723 2086 851 2134 ἐάν’
831 2086 1055 2146 εγγυητὴν

242 2145 497 2218 ἀξιόχρεων
533 2141 563 2205 ἦ
601 2145 695 2205 μὴν
724 2147 879 2204 μένειν
913 2163 1056 2190 κατοι-

243 2204 402 2264 στήσῃ.
444 2205 525 2249 ιιΙιί
562 2206 758 2249 Astius
799 2219 900 2247 cum
931 2204 1056 2246 Ste-

243 2252 431 2321 pha‘no
459 2267 612 2320 μενεῖν
654 2261 840 2318 scripsit.
870 2262 1056 2304 Helo-

243 2322 353 2364 dot.
377 2321 454 2364 IX.
480 2321 577 2363 1⁰6.
621 2321 748 2364 πίστι
782 2334 829 2363 τε
858 2321 1056 2361 καταλα-

243 2376 404 2451 βὸντες
433 2376 513 2421 καὶ
549 2374 745 2450 ὁςκιοισι
772 2373 980 2432 ἐμμένειν
1007 2390 1056 2421 τε

243 2433 398 2491 καὶμὴ
415 2432 783 2491 οἷποστησεσθαιε
814 2433 891 2476 ubi
916 2434 1056 2476 Wes-

244 2492 537 2549 selingius
578 2497 731 2536 contra
759 2491 892 2533 fidem
930 2489 1054 2532 codd.

242 2548 452 2605 ἐμμενεῖν
480 2550 681 2592 correxit.
721 2549 762 2591 X
776 2547 996 2602 enopho
1012 2561 1054 2590 ιι.

244 2608 408 2663 Cyrop.
430 2607 501 2650 VL
524 2606 568 2660 2,
592 2606 662 2651 39.
666 2602 805 2676 ἐμοὶ
824 2619 1054 2672 προςαγα-

244 2664 341 2720 γῶν
383 2661 604 2719 ἐγγυητὰς
654 2655 685 2718 ἦ
723 2652 815 2717 μὴν
862 2658 1054 2718 πορεύε-

245 2724 378 2767 σθαι.
407 2721 488 2764 ubi
512 2720 837 2777 Stephanus
860 2719 1056 2761 malebat

243 2775 576 2850 πορενσεσθαι.
624 2774 1051 2828 Anabas.11.3‚27.

243 2828 603 2938 fflz‘effliz
615 2850 656 2933 ιπ
654 2831 1004 2946 ορὲἴέσῗῖἵῖιιιέἰ
1005 2830 1055 2931 ¹1³1}

242 2955 435 3019 secutuS,
465 2945 776 3016 πορεύσεσθαι
794 2963 818 2989 e
822 2947 943 2989 didit.
973 2944 1054 2988 Ni-

241 3008 409 3051 mirum
434 3021 520 3049 non
545 3005 724 3062 perinde
748 3008 827 3057 est,
855 3005 1053 3046 futurum

241 3079 301 3111 un
325 3078 528 3131 praesens
544 3070 715 3130 tempus
735 3066 935 3118 ponatur.
972 3060 1052 3102 Al-

241 3128 339 3165 tero
377 3121 454 3176 qui
483 3120 642 3173 utitur,
698 3119 750 3162 is-
772 3119 826 3160 de
855 3132 906 3159 re
936 3131 1051 3158 nunc

242 3179 439 3225 noudum
478 3181 728 3232 praesente,
785 3175 862 3219 sed
899 3178 1051 3230 postea

241 3237 422 3278 demum
465 3234 616 3278 futura
639 3232 861 3288 loquitur,
919 3236 1051 3285 atque

275 3291 479 3334 ollicetur
535 3306 583 3334 se
629 3295 804 3346 postero
856 3293 1052 3343 tempore

240 3307 331 3396 fine
354 3350 426 3390 vel
442 3349 554 3390 iilud
572 3349 790 3390 facturum
811 3360 919 3388 esse.
950 3343 1051 3386 Vel·

244 3406 312 3452 uti
341 3406 458 3466 apud
487 3405 841 3465 Xenophont
873 3402 1051 3448 neuen.

1130 890 1187 933 11.
1221 888 1264 942 4,
1302 888 1372 932 30.
1417 883 1670 943 ὀμόσαντες
1698 905 1874 957 ορκους
1907 881 1939 946 ἦ

1129 943 1222 1003 μὴν
1269 942 1332 1001 μὴ
1372 944 1752 1002 μνησικακήσειν,
1808 947 1961 990 aliter„

1130 1004 1218 1046 dici
1238 1004 1360 1045 nullo
1378 1005 1508 1046 modo
1529 1004 1696 1059 potuit,
1725 1004 1938 1059 quoniam

1127 1061 1321 1104 vindicta
1343 1075 1430 1103 non
1456 1075 1661 1116 praesens
1689 1076 1785 1103 esse
1811 1061 1938 1116 cogi-

1129 1122 1271 1170 tatur,
1300 1119 1376 1160 sed
1401 1119 1562 1161 futura.
1619 1120 1836 1160 Praesens
1858 1133 1937 1160 au-

1129 1180 1219 1217 tem
1253 1175 1328 1230 qui
1353 1175 1560 1226 adhibet,
1612 1175 1652 1217 is
1687 1176 1854 1231 cogitat
1883 1177 1939 1217 de

1130 1247 1180 1274 re
1201 1247 1288 1273 non
1312 1234 1460 1274 futura
1486 1233 1663 1274 demum
1685 1232 1937 1287 aliquando,

1132 1291 1208 1332 sed
1228 1290 1318 1331 iam
1351 1304 1466 1330 nunc
1494 1294 1751 1343 praesente,
1797 1303 1936 1356 quan-

1130 1360 1263 1402 quam
1274 1346 1372 1388 fieri
1389 1351 1510 1401 potes
1494 1352 1544 1398 s,t
1573 1351 1623 1387 ut
1637 1347 1787 1388 eadem
1800 1346 1933 1388 etiam

1127 1419 1206 1460 pos
1188 1410 1301 1446 s·te10
1332 1408 1526 1457 tempore
1561 1404 1706 1445 adhuc
1726 1405 1853 1446 duret
1882 1418 1935 1446 ac

1127 1466 1316 1504 maneat.
1360 1462 1420 1502 Ut
1442 1460 1478 1501 si
1503 1460 1600 1515 quis
1582 1460 1747 1502 sdicit:
1779 1453 1808 1516 ἦ
1828 1459 1935 1515 μήν,

1129 1514 1331 1574 ἕμμένως
1384 1517 1456 1558 his
1491 1517 1635 1559 verbis
1671 1517 1835 1559 indicat
1885 1531 1933 1559 se

1127 1576 1230 1618 inde
1267 1578 1323 1618 ab
1355 1575 1442 1616 hoc
1471 1574 1566 1628 ipso
1604 1574 1814 1629 temporis
1837 1588 1935 1616 mo-

1126 1637 1298 1683 mento,
1358 1645 1444 1687 quo
1491 1631 1798 1673 iusiurandum
1845 1632 1934 1683 dat,

1125 1691 1290 1757 promis
1273 1689 1353 1731 sis
1392 1692 1609 1730 staturum
1647 1702 1764 1755 esse,
1823 1703 1932 1742 quo-

1126 1747 1249 1789 niam
1279 1761 1331 1788 ea
1353 1759 1504 1799 rerum
1525 1745 1716 1787 conditio
1747 1745 1931 1787 iamiam

1127 1804 1264 1855 adsit,
1319 1803 1366 1845 in
1403 1816 1490 1858 qua
1522 1803 1834 1870 praestandum
1871 1801 1931 1844 sit

1123 1861 1241 1916 quod
1261 1860 1374 1903 alter
1391 1859 1595 1901 voluerit.
1652 1860 1779 1913 Quae
1799 1859 1835 1900 si
1853 1873 1931 1900 ιε’.-

1123 1933 1175 1960 ra
1208 1922 1333 1970 sunt,
1381 1916 1510 1958 facile
1545 1917 1705 1970 poterit
1730 1916 1845 1958 iudi(
1849 1916 1932 1966 ari,

1122 1989 1330 2031 praesens
1343 1979 1515 2028 tempus
1532 1974 1731 2015 hocloco
1752 1987 1847 2015 serv
1851 1977 1929 2014 an-

1122 2034 1227 2074 dum
1259 2032 1340 2083 sit,
1391 2045 1446 2073 an
1476 2029 1772 2072 mutandum·
1758 2045 1806 2072 ιιι
1840 2031 1931 2071 for-

1121 2104 1240 2132 mam
1286 2088 1438 2132 futuri.
1493 2087 1742 2143 Fingamus
1788 2085 1929 2143 igitur

1120 2147 1263 2190 civem
1281 2145 1565 2187 iureiurando
1596 2144 1928 2186 confirmantem

1117 2205 1238 2246 velle
1269 2217 1316 2244 se
1353 2202 1513 2254 vitam,
1564 2211 1732 2256 mores,
1784 2200 1937 2244 studia*

1122 2275 1202 2304 sua
1220 2259 1414 2315 dirigere
1443 2264 1486 2300 'ct
1513 2235 1734 2301 moderari
1758 2258 1814 2300 ad
1849 2271 1926 2299 cu-

1119 2317 1311 2374 iuspiam
1331 2315 1521 2358 civitatis
1542 2316 1664 2372 leges
1687 2321 1730 2358 et
1749 2313 1927 2356 institu-

1119 2380 1193 2428 ta,
1244 2375 1291 2418 iu
1322 2387 1409 2428 qua
1440 2373 1600 2413 dehinc
1625 2372 1821 2414 victurus
1851 2370 1923 2412 sit.

1121 2432 1241 2488 Quid
1267 2428 1454 2473 censes?
1503 2430 1722 2471 rectiusnc
1750 2428 1829 2470 ille
1859 2427 1928 2468 di-

1080 2503 1087 2506 *
1121 2497 1271 2531 cturus
1294 2487 1370 2530 sit:
1409 2479 1438 2542 ἦ
1462 2482 1554 2540 μὴν
1576 2476 1782 2538 ομολογῶ
1806 2480 1927 2527 κατὰ

1119 2543 1230 2596 τοὺς
1251 2544 1421 2612 νόμους
1448 2539 1829 2592 πολιτεύσεσθαι;
1867 2555 1928 2584 an

1119 2597 1149 2661 ἦ
1178 2599 1269 2659 μὴν
1304 2597 1328 2644 ὁ
1332 2600 1512 2655 μολογῶ
1548 2615 1665 2642 κατα
1701 2594 1814 2647 τοὺς
1845 2596 1924 2642 νό-

1119 2676 1236 2717 μους
1256 2617 1615 2702 πολμιτεύεσθαιῖ
1671 2656 1748 2698 Me
1776 2656 1814 2697 si
1844 2669 1926 2697 au-

1121 2719 1208 2770 dis,
1266 2730 1321 2758 ne
1361 2714 1608 2757 ‹alumniae
1635 2713 1759 2755 locus
1787 2713 1924 2755 relin-

1116 2778 1297 2831 quatur,
1326 2771 1544 2814 alteram
1532 2770 1640 2813 luri-
1625 2769 1819 2812 -iurandi
1836 2771 1924 2811 for-

1116 2832 1284 2875 mulam
1307 2829 1550 2884 praeferes,
1589 2842 1659 2881 qu«
1650 2841 1676 2869 ιι
1700 2827 1924 2883 significa-

1117 2895 1189 2932 tur
1227 2886 1329 2929 inde
1365 2887 1420 2928 ab
1452 2887 1539 2927 hoc
1578 2884 1674 2940 ipso
1712 2884 1922 2939 temporis

1117 2950 1341 2989 momento
1358 2943 1535 2999 legibus
1555 2940 1859 2984 satisfactmn
1846 2940 1920 2983 1ri.

1116 3005 1212 3046 lam
1229 3015 1334 3043 xero
1358 3015 1410 3042 ca
1436 2998 1651 3042 sermonis
1673 2999 1765 3050 lex,
1809 3011 1922 3053 quae

1071 3059 1081 3062 ”
1114 3061 1161 3104 in
1192 3058 1388 3101 oratione
1416 3057 1581 3099 dilecta
1599 3059 1779 3110 regnat,
1814 3068 1923 3096 num

1115 3117 1280 3159 mirum
1304 3130 1326 3155 c
1331 3115 1510 3168 uiquam
1528 3113 1774 3164 videbitur,
1804 3111 1920 3165 quod

1114 3171 1296 3217 itidem
1283 3187 1330 3214 m
1350 3186 1410 3213 or.
1412 3171 1546 3213 itione
1567 3169 1749 3222 obliqua
1768 3170 1921 3210 obser-

1115 3229 1278 3274 vatur?
1336 3230 1489 3283 Itaque
1527 3226 1732 3281 equidem
1776 3223 1823 3266 iu
1861 3224 1921 3266 iis

1115 3288 1228 3330 locis
1244 3285 1472 3338 omuibus,
1509 3298 1619 3350 quos
1644 3287 1774 3325 antea
1805 3281 1919 3322 reci-

1113 3345 1232 3399 tavi,
1275 3347 1319 3385 et.
1351 3342 1511 3398 quihus
1538 3339 1617 3382 alii
1655 3338 1787 3380 multi
1815 3337 1920 3380 addi

1113 3405 1344 3461 poterant,
1379 3398 1637 3446 seruandam
1658 3409 1815 3440 censeo
1848 3408 1923 3438 eo·-

1271 3540 1282 3562 Χ
