2040 3646
231 157 368 209 xvv-¹

225 299 329 344 fieri
364 300 512 357 posset
554 294 846 346 studemus.
913 294 1032 351 Quo
1068 293 1117 340 in
1163 307 1329 353 genero
1368 293 1452 338 etsi
1486 293 1800 340 difficillimum
1845 299 1914 342 est

228 385 428 434 omnium
454 380 684 430 desideriis
702 380 979 435 satisfacere,
1007 384 1156 423 tamen
1183 379 1222 423 si
1251 379 1298 434 id
1325 380 1551 423 consecuti
1579 369 1743 435 simus,
1769 386 1820 426 ut
1842 387 1910 426 ta-

226 470 347 514 libus
373 466 505 520 viris,
531 465 679 524 qualis
702 469 770 511 est
796 463 875 522 qui
902 463 948 507 in
975 463 1258 508 Bibliotheca
1293 463 1445 510 Critic.
1482 465 1594 509 Nov.
1615 466 1822 511 Batavor.
1851 466 1913 512 T.

226 556 285 599 11.
325 569 371 610 p.
409 552 511 598 11⁷.
552 551 608 601 de
639 554 790 596 nostra
824 548 1144 605 interpretandi
1182 548 1354 592 ratione
1391 549 1606 605 iudicium
1634 550 1760 604 tulit,
1798 551 1917 599 haee¹

225 653 362 696 opera
389 641 540 680 nostra
566 637 806 694 probetur,
831 649 886 678 eo
914 632 1154 689 impensius
1182 633 1476 691 laetabimur,
1506 649 1594 691 quo
1622 634 1766 692 magis
1794 649 1914 678 sem-

225 738 307 782 per
333 723 380 766 id
408 721 680 774 studuimus,
706 724 757 763 nt
784 718 1046 762 discentium
1073 717 1230 777 studiis
1256 732 1338 775 pro
1365 718 1536 762 viribus
1562 719 1884 777 prodessemus.

394 806 527 863 Quod
551 804 775 861 reliquum
801 807 892 859 est,
918 803 1096 860 publice
1123 803 1212 846 hoc
1239 804 1339 847 loco
1367 815 1396 847 a
1435 818 1507 847 me
1547 808 1698 862 grates
1739 803 1913 861 persol-

223 893 392 942 vendae
431 896 533 937 sunt
567 889 687 953 Viris
727 888 950 946 egregiis,
987 890 1074 932 Fr.
1113 888 1374 932 Iacobsio
1415 895 1459 931 et
1499 889 1611 933 Val.
1648 889 1776 934 Chr.
1817 889 1908 933 Fr.

142 1007 144 1009 ·
222 978 462 1032 Restio,
490 975 569 1033 qui
595 989 682 1019 non
707 975 854 1017 solum
879 973 1089 1030 plagulas
1117 973 1235 1030 typis
1275 987 1504 1029 expressas
1531 987 1803 1030 percensere,
1832 973 1912 1016 sed

224 1063 360 1108 etiam
389 1076 501 1120 quae
527 1058 818 1117 scripsissem,
844 1057 1100 1115 priusquam
1128 1058 1368 1115 typothetis
1396 1059 1687 1112 traderentur,
1717 1058 1910 1115 diligen-

222 1153 292 1194 ter
329 1149 562 1207 perlegere
597 1158 758 1202 meque
795 1143 851 1187 de
889 1143 1114 1187 nonnullis
1150 1142 1262 1186 locis
1299 1143 1442 1188 amice
1479 1144 1716 1204 admonere
1754 1144 1910 1186 volne-

212 1234 327 1279 rint·

388 1355 654 1404 scribebam
679 1352 860 1412 Lipsiae
885 1351 994 1410 ipsis
1019 1350 1232 1397 Kalendis
1257 1351 1477 1399 Ianuariis

727 1438 1112 1487 Mucccxxvn.

1335 1673 1393 1718 G.
1449 1670 1823 1718 STALLBAUM.
