2040 3646
273 152 502 203 XXXVIII

279 298 399 340 reete
417 299 563 353 potest
580 297 771 344 iudicari
785 332 799 353 ‚
837 294 1036 346 dicemus
1067 303 1159 348 alio
1186 307 1385 362 tempore
1409 307 1458 348 et
1486 305 1601 351 loco.
1654 305 1783 352 Nunc
1818 323 1961 366 panca

279 370 490 426 addamus
510 383 565 425 de
586 384 678 428 alia
694 384 892 443 fingendi
910 388 1114 443 licentia,
1141 404 1274 447 quam
1289 390 1466 434 Platoni
1487 386 1598 435 vitio
1621 397 1847 438 verterunt
1863 394 1961 438 eius

279 467 595 511 obtrectatores
610 500 624 523 ,
652 468 870 527 imprimis
908 473 1306 532 Athenaeus„
1341 474 1500 519 deinde
1527 477 1584 521 ad
1613 478 1798 522 alteram
1824 480 1962 525 huius

282 550 586 608 disputationis
605 559 776 611 partem
802 553 1153 614 progrediamur.

365 658 380 668 ·-
446 637 664 683 Dictitant
685 641 805 687 enim
832 641 903 686 illi
921 647 1023 686 eum
1043 647 1292 700 temporum
1314 643 1533 689 rationem
1559 661 1872 704 saepenumero
1899 647 1965 693 ita

270 720 556 777 neglexisse,
583 729 634 769 ut
648 721 1004 771 omnia¹iniriflce
1027 729 1378 784 perturbaverit,
1413 731 1596 787 eiusque
1625 733 1866 776 sententiae
1893 742 1966 776 ar·-

278 806 495 861 gumenta
520 813 725 868 repetunt
749 826 805 855 ex
825 813 1040 857 Convivia
1055 846 1070 868 ‚
1109 815 1342 869 Phaedro,
1379 816 1669 870 Pal-menide,
1706 818 1966 871 Menexcno,

269 887 557 950 Protagora,
596 895 698 939 aliis
734 896 1033 952 sermonibus,
1082 898 1130 942 in
1163 899 1325 956 quibus
1346 900 1500 943 fecerit
1529 916 1606 945 eos
1627 902 1830 945 homines
1851 903 1968 946 inter

274 966 334 1020 ie·
361 974 691 1047 colloquentes,
734 982 811 1038 qui
841 997 923 1039 per
957 977 1147 1028 aetatem
1173 986 1298 1028 nullo
1320 985 1452 1028 modo
1475 986 1713 1042 potuerint.
1767 988 1832 1030 Ac
1866 1001 1969 1044 pro-

269 1063 396 1106 ‘fecto
410 1065 570 1122 negari
591 1080 679 1109 non
700 1067 847 1122 'potest
865 1069 1097 1111 Platonem
1128 1069 1175 1112 in
1202 1062 1398 1127 personis
1429 1071 1520 1114 suis
1555 1086 1870 1128 saepenumero
1895 1087 1971 1115 ae-

283 1146 387 1192 tatis
406 1143 760 1195 convenientiora
783 1153 1033 1211 neglexisse
1053 1154 1249 1210 adeoque
1275 1168 1330 1198 ea
1356 1155 1579 1199 interdum
1608 1161 1819 1213 tanquam
1851 1158 1971 1201 facta

281 1227 675 1290 commemorasse,
691 1245 694 1253 “
712 1250 826 1293 quae
845 1238 926 1281 illo
953 1242 1174 1296 tempore,
1225 1254 1312 1296 quo
1347 1241 1622 1297 colloquium
1653 1242 1815 1285 haberi
1837 1242 1972 1299 fingi-

271 1322 379 1371 tur,
406 1321 602 1364 nondum
619 1315 880 1366 evenissent.
898 1343 900 1346 ·
924 1323 1026 1367 >Sed
1046 1325 1154 1380 quid
1171 1324 1357 1382 postea?
1413 1326 1533 1369 Num
1548 1326 1594 1369 id
1613 1340 1694 1382 pro
1715 1327 1824 1371 vitio
1849 1331 1970 1371 recte

281 1394 426 1460 potest
449 1405 632 1464 haberi,
646 1399 779 1464 ‘quod
798 1417 887 1452 non
909 1410 1053 1453 solum
1076 1409 1285 1466 poeticae
1300 1409 1504 1453 'libertati
1527 1415 1594 1454 est
1613 1416 1971 1466 consentaneum,

282 1489 359 1532 sed
380 1489 516 1535 etiam
534 1507 623 1535 non
650 1497 772 1538 caret
799 1493 960 1538 idonea
985 1503 1120 1539 causa
1146 1499 1191 1539 et
1223 1494 1428 1539 ratione?
1485 1496 1639 1552 Neque
1666 1496 1785 1539 enim
1805 1502 1973 1540 temere

279 1575 528 1632 reperimus
550 1569 867 1636 philosophum
887 1580 970 1623 illa
996 1593 1126 1623 usum
1146 1594 1242 1623 esse
1267 1579 1501 1633 libertate,
1530 1573 1611 1623 sed¹
1630 1582 1700 1624 vel
1724 1589 1972 1637 propterea,

268 1661 401 1717 ‘quod
436 1677 508 1706 res
538 1663 647 1721 ipsa'
675 1670 733 1708 ac'
752 1663 1060 1721 disputationis
1087 1669 1401 1722 argumentum
1437 1665 1698 1722 flagitabat,
1755 1667 1828 1710 vel
1865 1667 1972 1722 quia

281 1747 470 1791 obscure
491 1749 634 1792 voluit
652 1740 906 1806 significare
922 1753 1119 1806 tempus,
1148 1763 1236 1806 quo
1265 1745 1489 1793 sermones
1514 1750 1667 1807 scripti
1695 1755 1828 1807 atque
1863 1752 1974 1795 editi

268 1836 408 1887 ‘mnt,
435 1834 508 1876 vel
525 1833 627 1877 aliis
648 1833 784 1877 etiam
806 1834 860 1877 de
889 1834 1059 1887 causis,
1094 1848 1204 1890 quas
1237 1848 1498 1877 enumcrare
1530 1836 1717 1893 longum
1747 1841 1828 1880 est.
1886 1838 1974 1880 Ac-

273 1917 412 1971 cedit,
445 1920 563 1975 quod
582 1919 666 1962 illa
687 1919 869 1964 licentia
893 1933 999 1962 usus
1017 1923 1084 1962 est
1106 1923 1230 1963 tanta
1245 1919 1550 1964 moderatione
1570 1935 1624 1964 ac
1649 1921 1875 1974 sollertia,
1921 1927 1973 1966 ut
1996 1961 2006 1972 ,

280 2016 507 2059 nunquam
531 2003 640 2048 artis
671 2004 797 2062 leges
825 2003 1062 2048 violaverit
1097 2009 1176 2048 aut
1200 2003 1462 2061 neglexerit.
1518 2004 1607 2048 Sed
1621 2006 1746 2049 ›haec
1774 2006 1972 2060 breviter

280 2088 506 2132 monuisse
518 2088 736 2135 sufficiat-4
792 2094 907 2145 quae
937 2089 976 2134 si
1000 2089 1221 2146 copiosius
1253 2090 1418 2133 vellem
1443 2103 1682 2146 exponere,
1712 2105 1883 2145 vereor,
1915 2106 1971 2135 ne

280 2174 485 2232 longiore
509 2189 619 2232 opus
643 2178 758 2217 esset
782 2174 1077 2230 disputatione
1105 2188 1239 2230 quam
1275 2188 1357 2231 pro
1380 2160 1530 2218 nostro
1559 2175 1762 2219 consilio.
1817 2166 1973 2232 Itaque

280 2260 542 2306 accedamus
577 2260 634 2306 ad
660 2260 882 2306 internam
909 2259 1081 2319 dialogi
1115 2259 1338 2304 Platonici
1365 2261 1554 2304 formam
1584 2260 1833 2304 accuratius
1865 2275 1974 2303 con-

279 2329 573 2392 videi-andam.

448 2431 675 2475 Internam
702 2434 851 2476 autem
893 2430 1064 2487 dialogi
1098 2430 1289 2473 formam
1323 2428 1619 2487 intelligimus
1655 2428 1797 2485 ipsam
1830 2428 1970 2473 disse-

280 2503 408 2561 rendi
427 2506 551 2561 viam
572 2520 616 2559 et
633 2516 872 2571 rationem,
899 2507 1026 2572 ¹quae
1065 2515 1112 2559 in
1134 2529 1188 2558 eo
1209 2517 1384 2572 regnat.
1442 2515 1569 2569 Quae
1596 2513 1778 2570 quidem·
1803 2519 1880 2557 aut
1911 2515 1969 2559 ad

282 2615 434 2647 omnes
451 2616 504 2647 ac
527 2602 727 2659 singulas
749 2600 918 2658 dialogi
940 2604 1088 2658 partes
1115 2600 1327 2658 pertinet,
1364 2590 1517 2643 autssin
1543 2599 1836 2655 descriptione
1867 2599 1970 2642 uui-

279 2687 400 2732 versi
427 2687 704 2746 argumenti,
730 2678 951 2744 vsapienter
982 2690 1027 2729 et
1049 2686 1106 2730 ad
1136 2686 1244 2730 artis
1274 2687 1507 2741 praecepta
1535 2683 1727 2741 tractati,
1753 2683 1965 2727 cernitur.

280 2771 438 2828 Itaque
475 2777 594 2829 patet
617 2771 839 2829 duplicem
869 2785 964 2815 esse
994 2771 1156 2814 debere
1190 2774 1386 2815 nostram
1417 2769 1473 2812 de
1497 2751 1686 2813 'internis
1716 2782 1968 2812 sermonum

279 2856 615 2902 Platonicorum
635 2856 878 2901 virtutibus
907 2855 1274 2913 disputationem,
1322 2859 1372 2899 ut
1395 2861 1509 2910 qnae
1532 2859 1629 2898 tum
1651 2854 1707 2898 ad
1727 2867 1782 2909 ea
1802 2853 1968 2896 refera-

279 2945 375 2995 tur,
403 2956 517 2998 quae
537 2956 616 2998 per
637 2957 789 2987 omnes
814 2957 866 2987 ac
887 2942 1091 2999 singulas
1115 2955 1269 2984 eorum
1297 2944 1443 2996 partes
1475 2943 1740 2991 cernuntur,
1793 2942 1890 2981 tum
1911 2938 1966 2982 ad

279 3026 515 3072 universae
532 3027 839 3085 disputationis
861 3026 1078 3071 rationem
1102 3041 1156 3070 ac
1175 3025 1511 3083 descriptionem
1540 3023 1770 3083 pertineat.

332 3323 373 3378 ’)
402 3298 696 3376 Deipnossv.
726 3320 794 3366 18.
841 3322 906 3365 ibi
937 3335 994 3364 ue
1022 3320 1256 3366 casaub.
1286 3334 1329 3378 p.
1349 3299 1448 3364 21⁷.
1469 3317 1520 3363 C.
1573 3317 1630 3364 el.
1660 3315 1883 3372 Menae.
1912 3312 1967 3359 ad

438 3377 571 3436 Βίοις,
613 3379 760 3424 Laert.
787 3380 868 3423 111.
892 3337 963 3424 ἕδ-
992 3395 1034 3436 p.
1057 3376 1155 3422 152.
