2040 3646
24 3568 34 3582 ;
12 3435 30 3557 ..κω-’ω
23 3415 26 3418 ,

702 175 805 227 AD
839 173 1317 228 PHAEDONEM.
1534 254 1537 258 N
1783 151 1802 155 ”
1824 180 1859 233 5

167 312 286 368 quod
310 310 547 354 hominum
572 323 726 354 curam
749 315 906 367 gerat,
942 311 1124 366 eiusque
1138 306 1332 358 numinis
1350 306 1553 351 homines
1574 319 1669 351 esse
1702 318 1853 352 servos

162 373 298 439 ‘atque
319 383 560 426 ministros,
619 382 844 438 Quocirca
876 382 1006 426 nobis
1030 395 1117 425 non
1145 380 1250 425 licet
1270 382 1421 422 nostro
1441 378 1660 422 arbItratu
1691 392 1744 422 ex
1763 378 1853 422 hac

165 455 258 497 vita
283 453 530 509 discedere,
560 453 636 495 sed
655 440 1017 509 exspectandum,
1061 452 1199 495 donec
1225 451 1322 508 ip‘se
1351 449 1458 492 (leus
1479 463 1559 492 nos
1594 449 1758 494 liberet
1785 453 1852 492 at-

163 540 251 580 que
267 525 374 567 hinc
406 523 656 567 discedendi
685 524 989 568 necessitatem
1015 523 1238 567 immittat.
1294 521 1362 565 Ad
1384 520 1497 563 haec
1522 524 1671 572 autem
1694 519 1850 573 Cebes,

117 627 122 631 -
161 596 201 638 is
204 601 248 639 ta
269 595 447 651 quidem
472 595 510 638 si
531 609 636 638 vera
657 599 779 647 sunt,
807 595 976 651 inquit,
1008 593 1313 649 consequitur,
1352 595 1405 635 ut
1437 582 1584 633 stultis
1602 590 1751 635 animo
1775 603 1850 647 ae-

160 682 250 723 quo
269 666 546 708 moriendum
572 666 657 718 sit,
696 665 971 721 sapientibus
998 679 1087 707 non
1113 665 1233 707 item.
1292 660 1471 706 Etenim
1501 661 1687 704 stultum
1715 659 1849 703 fuerit

162 738 360 794 profecto
396 751 450 779 ex
488 750 541 779 eo
581 738 681 779 loco
727 736 972 790 discedere,
1028 734 1110 778 ubi
1151 734 1370 791 optimum
1403 731 1632 775 dominum
1666 731 1849 784 habeas,

160 809 318 860 deum,
357 807 434 862 qui
455 807 588 849 saluti
610 811 713 850 tuae
730 806 996 862 prospiciatz
1032 818 1176 861 neque
1203 804 1324 853 enim
1352 802 1585 846 meliorem
1604 801 1740 844 etiam
1769 815 1850 845 na-

160 883 312 921 cturus
348 877 410 920 sis
437 877 549 920 alibi
589 877 830 921 dominum.
906 875 1083 921 Cebetis
1119 875 1364 920 sententiae
1406 872 1590 917 accessit
1621 872 1847 928 Simmias.

159 950 280 993 'I'um
309 962 413 991 vero
435 947 659 1001 Socrates,
698 948 821 1006 agite
847 947 1013 1004 igitur,
1066 958 1093 988 o
1116 945 1251 999 boni,
1288 943 1457 1001 inquit,
1496 943 1849 999 quandoquidem

158 1019 277 1063 mihi
298 1018 426 1061 litem
445 1018 694 1073 intenditis,
727 1032 909 1062 causam
931 1030 1080 1060 meam
1099 1017 1215 1072 apud
1242 1030 1322 1059 vos
1356 1015 1420 1059 ita
1443 1013 1611 1066 dicam,
1653 1018 1703 1056 ut
1722 1012 1850 1064 vobis

159 1105 294 1134 coner
323 1089 418 1132 eius
435 1090 676 1133 bonitatem
698 1091 891 1146 probare
923 1087 1087 1132 certius
1100 1119 1114 1140 ,
1156 1100 1289 1142 quam
1324 1084 1449 1142 potui
1476 1085 1665 1140 probare
1688 1082 1850 1138 iudici-

157 1163 268 1215 bus,
323 1160 402 1216 qui
427 1174 500 1202 me
531 1161 676 1216 capite
700 1162 1058 1204 condemnarunt.
1115 1159 1385 1201 Persuasum
1414 1160 1565 1200 autem
1601 1147 1747 1199 habeo
1774 1170 1848 1198 me

158 1236 469 1289 postmortem
488 1231 624 1274 etiam
656 1231 874 1274 maiorem
899 1232 1237 1274 consecuturum
1270 1242 1367 1271 esse
1404 1225 1677 1271 felicitatem.
1732 1225 1849 1270 Nam

157 1303 264 1346 licet
302 1317 389 1346 non
421 1302 508 1344 nisi
533 1316 636 1344 cum
653 1303 845 1357 quadam
872 1300 1011 1345 animi
1038 1299 1315 1343 dubitatione
1335 1297 1651 1343 affirmaverim
1678 1311 1752 1340 me
1791 1297 1848 1341 ad

159 1373 367 1418 meliores
384 1372 588 1415 homines
611 1387 710 1415 esse
728 1377 990 1425 venturum3
1031 1374 1180 1416 tamen
1207 1371 1267 1416 ad
1295 1369 1485 1427 optimos
1514 1368 1619 1412 deos
1647 1382 1721 1411 me
1742 1368 1850 1410 hinc

159 1446 479 1497 discessurum,
511 1458 756 1500 eorumque
776 1443 990 1500 adspectu
1007 1446 1051 1486 et
1071 1441 1386 1489 consuetudine
1403 1442 1524 1483 tanto
1545 1438 1692 1496 magis
1713 1438 1849 1496 gavi-

158 1530 315 1561 surum
328 1547 342 1568 ,
371 1529 459 1571 quo
478 1514 633 1571 purior
653 1515 956 1570 sinceriorque
986 1513 1160 1558 animus
1179 1512 1237 1559 ad
1259 1512 1364 1557 illos
1387 1502 1654 1564 evolaverit,
1682 1509 1730 1554 id
1750 1508 1855 1567 qui,

120 1628 122 1633 .
161 1587 265 1630 dem
287 1590 459 1629 certum
485 1590 620 1641 atque
639 1600 800 1629 verum
815 1600 911 1628 esse
928 1584 1156 1629 contendo.

326 1658 433 1713 Cap.
461 1656 569 1700 VIII
590 1681 650 1688 —
669 1657 773 1700 XII.
855 1656 1078 1712 Quocirca
1107 1655 1318 1712 sapientis
1352 1658 1419 1699 est
1445 1658 1589 1699 morte
1614 1653 1849 1711 appropin-

158 1733 321 1786 quante
342 1729 461 1771 bono
478 1741 577 1770 esse
598 1727 777 1771 animo:
821 1742 926 1771 nam
944 1726 1228 1783 philosophia
1245 1726 1310 1769 nil
1335 1730 1401 1770 est
1420 1726 1542 1770 aliud
1561 1726 1649 1770 nisi
1665 1740 1850 1786 praepa-

159 1800 275 1844 ratio
300 1803 432 1856 atque
456 1799 690 1842 meditatio
710 1798 891 1851 morti-s,
931 1797 978 1840 id
1005 1798 1123 1853 quod
1149 1798 1353 1841 homines
1382 1798 1522 1855 vulgo
1544 1797 1765 1855 ignorare.
1781 1796 1848 1850 vi·

159 1872 342 1913 dentur:
382 1870 628 1912 ridiculum
645 1874 795 1913 autem
822 1868 955 1912 fuerit
981 1868 1224 1922 hominem,
1254 1868 1438 1925 quitata
1454 1868 1548 1912 vita
1562 1867 1850 1924 philosopha-

159 1946 232 1985 tus
254 1942 336 1994 sit,
376 1941 574 1995 adeoque
598 1945 790 1983 mortem
818 1943 1138 1983 commentatus
1151 1972 1167 1992 ,
1200 1939 1249 1981 in
1278 1943 1476 1982 extremo
1505 1938 1624 1982 vitae
1649 1938 1854 1994 periculo

161 2012 271 2068 angi
289 2016 422 2066 atque
449 2015 572 2053 metu
606 2009 814 2053 cruciari.
871 2011 1052 2054 Habent
1074 2016 1229 2054 autem
1241 2023 1362 2052 mors
1384 2013 1521 2065 atque
1541 2008 1852 2089 philosophiae

161 2083 359 2127 studium
383 2082 471 2125 hoc
491 2080 581 2124 sibi
605 2094 866 2133 commune,
895 2081 1012 2135 quod
1035 2084 1078 2124 et
1099 2081 1181 2124 illa
1206 2080 1405 2124 animum
1428 2094 1457 2124 a
1476 2080 1672 2136 corporis
1697 2079 1852 2123 viucu-

162 2155 220 2196 lis
243 2153 457 2205 exsolvit,
486 2155 532 2194 et
551 2152 643 2194 hoc
658 2155 853 2194 mentem
872 2155 1070 2194 nostram
1101 2165 1130 2194 a
1147 2165 1297 2193 rerum
1326 2150 1528 2194 sensibus
1549 2150 1855 2204 subiectorum

161 2224 368 2268 ludibriis
382 2224 439 2267 ad
458 2226 670 2266 aeternae
689 2221 886 2264 veritatis
904 2221 1170 2277 virtutisque
1178 2221 1470 2265 constantiam
1487 2221 1692 2266 traducit.
1746 2223 1855 2266 Ete-

161 2295 257 2338 nim
283 2293 592 2350 philosophiae
621 2293 712 2335 hoc
742 2300 808 2334 est
832 2291 1131 2348 propositum,
1165 2296 1215 2336 ut
1236 2291 1314 2348 qui
1343 2292 1386 2336 ei
1419 2293 1622 2336 studeant
1651 2292 1853 2342 veritatis

132 2396 138 2399 -
161 2366 427 2421 virtutisque
449 2363 686 2421 participes
707 2363 957 2406 reddantur.
1017 2361 1147 2417 Quod
1165 2364 1344 2418 quidem
1373 2377 1463 2407 non
1485 2363 1678 2410 efficitur
1695 2380 1851 2423 corpo..

164 2437 228 2479 ris
244 2451 326 2492 ope
349 2441 392 2478 et
416 2434 648 2479 beneficio.
707 2434 863 2489 Neque
877 2432 996 2475 enim
1019 2432 1059 2476 is
1077 2447 1211 2476 verus
1230 2434 1404 2477 videtur
1420 2434 1714 2492 philosophus
1738 2450 1848 2491 esse,

165 2508 244 2563 qui
260 2507 404 2550 ventri
426 2511 469 2549 et
495 2506 634 2563 gulae
652 2505 826 2547 deditus
843 2507 934 2556 est,
981 2503 1058 2559 qui
1077 2505 1201 2547 cultu
1227 2508 1474 2561 ornatuque
1500 2507 1694 2562 eorporis
1727 2509 1850 2551 dele-

164 2582 332 2630 ctatur,
360 2577 440 2632 qui
456 2577 631 2633 gloriae
657 2574 890 2630 laudisque
922 2575 1067 2618 studio
1102 2574 1302 2627 ducitur,
1339 2575 1530 2633 denique
1548 2577 1627 2633 qui
1648 2578 1852 2636 indulget

166 2648 365 2705 corporis
389 2646 715 2703 voluptatibus3
755 2645 831 2687 sed
855 2644 935 2686 ille
957 2646 1135 2688 demum
1157 2645 1245 2689 hoc
1266 2647 1443 2690 nomine
1465 2647 1624 2704 dignus
1641 2653 1731 2703 est,
1770 2650 1850 2705 qui

167 2720 369 2763 animum
385 2732 412 2762 a
428 2714 624 2774 corporis
649 2715 872 2768 societate,
901 2717 1046 2770 quoad
1062 2716 1157 2760 eius
1174 2717 1272 2760 fieri
1290 2718 1442 2773 possit,
1470 2723 1705 2763 avocatum
1721 2698 1852 2776 quasi

138 2821 141 2824 ,
166 2790 217 2833 in
235 2803 282 2832 se
299 2788 445 2844 ipsum
461 2787 638 2844 colligit
658 2790 703 2830 et
725 2787 781 2829 ad
798 2800 958 2842 puram
976 2787 1279 2843 sinceramque
1296 2788 1526 2855 veritatem
1552 2789 1850 2847 indagandam

169 2864 215 2903 ct
239 2859 618 2915 contemplandam
639 2857 868 2900 convertit.
924 2858 1103 2901 Etenim
1134 2872 1285 2902 sensus
1314 2859 1511 2916 corporis
1526 2864 1696 2906 tantum
1725 2862 1851 2909 abest

169 2934 222 2973 ut
241 2930 442 2973 veritatis
465 2929 766 2985 cognitionem
785 2927 913 2971 nobis
935 2929 1145 2982 afferant,
1174 2933 1224 2972 ut
1242 2930 1382 2973 fontes
1403 2930 1596 2975 habendi
1614 2930 1700 2973 sint
1719 2931 1848 2987 igno-

171 3001 342 3046 rantiae
355 3038 367 3058 ,
397 3014 598 3043 errorum
614 2999 924 3052 malorumque
945 3000 1157 3043 omnium.
1214 2999 1334 3043 Hinc
1358 3001 1477 3044 enim
1504 3000 1672 3044 multae
1700 3001 1852 3047 oriun-

170 3076 244 3114 tur
259 3072 397 3114 animi
416 3085 549 3115 curae
567 3074 612 3112 et
631 3068 974 3121 sollicitudines;
1003 3070 1109 3113 hinc
1123 3085 1284 3126 pravae
1294 3071 1574 3127 cupiditates3
1601 3071 1709 3115 hinc
1729 3073 1853 3117 bella

133 3171 145 3177 -
172 3143 499 3194 etseditiones3
533 3141 641 3184 hinc
669 3140 881 3195 denique,
916 3141 1034 3196 quod
1058 3142 1192 3198 longe
1226 3145 1291 3184 est
1317 3142 1641 3194 tristissimum,
1679 3157 1851 3186 errores

170 3216 306 3268 atque
327 3214 518 3258 fraudes.
577 3213 704 3267 Quae
730 3225 833 3254 cum
853 3210 918 3254 ita
948 3211 1058 3264 sint,
1098 3211 1194 3255 veri
1214 3211 1471 3268 philosophi
1490 3213 1694 3256 animum
1723 3227 1854 3257 suum

148 3320 153 3323 .
175 3297 206 3326 a
223 3284 419 3340 corporis
435 3282 702 3327 commercio
725 3282 898 3326 student
918 3295 1110 3326 ‚avocare
1142 3285 1186 3325 et
1203 3283 1484 3336 abstrahere,
1522 3284 1716 3339 adeoque
1735 3297 1856 3328 mor-

179 3357 272 3398 tem
289 3354 582 3408 meditantur,
627 3352 667 3400 si
684 3352 865 3410 quidem
883 3355 975 3401 tota
996 3366 1151 3400 eorum
1184 3352 1276 3401 vita
1293 3353 1342 3399 in
1373 3368 1426 3400 eo
1447 3353 1661 3415 occupata
1678 3358 1767 3408 est,
1806 3357 1857 3400 ut
