2040 3646
261 183 405 240 xxvl

259 324 397 383 longe
439 320 724 382 gravissima,
778 318 1134 381 quandoquidem
1175 319 1356 378 attingit
1388 319 1694 376 ,quaestionem
1731 321 1857 365 illam
1885 320 1940 363 de

261 406 496 469 ἀγράφοις
512 406 710 452 Platonis
727 406 899 462 placitis
923 420 1062 463 nuper
1084 420 1237 449 rursus
1262 405 1502 462 agitatam3
1540 403 1687 450 tamen
1705 405 1810 462 quia
1843 407 1941 448 lon-

259 494 435 552 giorem
464 491 652 549 requirit
683 491 926 535 orationem
955 504 1090 546 quam
1117 505 1197 546 pro
1225 496 1375 533 nostro
1408 488 1609 533 instituto
1643 504 1785 546 neque
1810 487 1940 532 libris

259 578 483 634 Platonis,
513 587 624 633 quos·
648 559 866 620 habemus
897 570 1166 630 superstites,
1200 575 1391 617 multum
1417 574 1530 617 lucis
1560 574 1723 618 afferre
1749 562 1939 625 videtur,

260 677 359 707 eam
380 663 427 705 in
449 661 572 706 aliud
589 666 759 717 tempus
780 660 963 703 reiicere
985 659 1132 716 placet
1141 659 1196 714 ⁴).
1252 651 1407 715 Itaque
1436 660 1494 703 ad
1527 659 1746 716 reliquam
1768 661 1942 716 partem

259 747 377 793 vitae
405 747 606 792 Platonis
621 746 912 790 enarrandam
933 745 1177 787 redeamus.

429 834 580 889 Quum
612 831 731 875 enim
761 828 924 887 viginti
957 828 1131 871 circiter
1161 841 1296 871 annos
1326 831 1423 885 post
1453 828 1644 871 reditum
1671 828 1718 872 in
1750 827 1939 885 patriam

259 917 508 962 doctrinam
535 919 662 961 suam
697 920 741 959 et
763 914 956 958 docendo
984 918 1029 956 et
1061 913 1292 956 scribendo
1324 911 1625 968 explicuisset,
1663 915 1827 957 factum
1855 915 1936 966 est,

258 1006 310 1047 ut
331 1000 596 1059 Dionysius,
637 1006 848 1060 tyrannus
873 999 1201 1056 Syracusanae,
1236 1002 1504 1050 moreretur,
1535 997 1665 1053 eique
1686 998 1939 1042 succederet

259 1087 513 1132 adolescens
539 1085 794 1145 Dionysius.
850 1083 983 1141 Quod
1009 1082 1186 1139 quidem
1214 1096 1268 1125 ex
1296 1082 1552 1126 Corsinii
1579 1083 1750 1126 ratione
1776 1082 1938 1127 accidit

255 1170 438 1229 olymp.
469 1172 584 1215 CIII.
613 1172 658 1215 2.
683 1185 724 1215 a.
740 1169 839 1214 367.
862 1182 903 1213 a.
925 1168 1033 1211 Chr.
1051 1181 1096 1210 n.
1154 1166 1244 1210 Hic
1277 1180 1414 1222 quum
1442 1166 1677 1223 praecipue
1706 1172 1940 1225 regeretur

256 1256 414 1301 Dionis
438 1256 650 1309 consilio,
703 1254 779 1311 qui
807 1253 1003 1298 iuvenile
1036 1251 1131 1295 eius
1161 1251 1392 1309 ingenium
1424 1251 1627 1295 doctrina
1658 1258 1703 1296 et
1723 1253 1939 1309 sapientia

256 1341 314 1386 ad
345 1341 586 1395 iustitiam,
611 1339 996 1391 moderationem,
1033 1337 1241 1380 virtutem
1267 1338 1444 1380 flectere
1476 1336 1703 1391 studebat,
1755 1338 1843 1381 Dio
1871 1339 1939 1382 fa·

258 1426 463 1471 ciendum
484 1426 675 1480 censuit,
703 1429 753 1469 ut
773 1425 1006 1469 advocaret
1024 1423 1256 1467 Platonem
1270 1454 1283 1475 ,
1318 1420 1442 1464 cuius
1463 1421 1648 1464 consilio
1673 1426 1718 1469 et
1743 1423 1939 1467 auctori-

258 1505 350 1558 tate
372 1513 418 1556 in
437 1526 493 1556 ea
514 1526 564 1555 re
584 1514 794 1555 uteretur.
843 1510 1116 1565 Quanquam
1135 1520 1239 1549 vero
1257 1506 1546 1562 philosophus
1569 1506 1716 1562 priore
1737 1509 1938 1565 exemplo

257 1600 354 1641 erat
402 1595 655 1644 vadmonitus
708 1594 1019 1638 difficillimum
1059 1606 1155 1636 esse
1185 1591 1362 1649 tyranni
1389 1592 1586 1635 animum
1618 1593 1673 1635 ad
1697 1592 1873 1637 virtutis
1895 1598 1941 1639 et

256 1681 500 1739 sapientiae
523 1680 720 1725 studium
750 1682 1027 1732 convertere,
1046 1681 1193 1722 tamen
1220 1680 1264 1719 et
1285 1675 1441 1719 Dionis
1460 1675 1656 1720 amicitia
1686 1682 1731 1723 et
1762 1679 1937 1723 consilii

256 1767 518 1825 magnitudo
535 1765 698 1819 effecit,
725 1769 792 1821 ut,
816 1763 1045 1821 provincia
1067 1762 1114 1805 in
1128 1760 1366 1805 Academia
1388 1760 1571 1803 docendi
1580 1762 1811 1806 Heraclidi
1821 1765 1943 1807 Pon·

256 1853 347 1901 tice
368 1852 550 1906 tradita,
588 1851 731 1893 denuo
763 1863 866 1893 cum
885 1848 1128 1905 Speusippo
1144 1878 1158 1900 ,
1196 1846 1360 1890 sororis
1387 1846 1506 1899 filio,
1543 1846 1784 1903 Syracusas
1806 1849 1938 1904 proli-

257 1937 496 1983 cisceretur
508 1938 581 1993 **).
638 1935 730 1980 Nec
762 1936 928 1979 frustra
954 1934 1010 1976 ab
1041 1931 1170 1975 initio
1202 1931 1436 2004 videbatur
1457 1931 1546 1974 hoc
1575 1931 1663 1980 iter
1687 1931 1941 1978 institutum

255 2037 365 2068 esse.
421 2022 640 2066 Audiebat
672 2020 792 2063 enim
811 2025 1021 2079 tyrannus
1040 2016 1361 2075 philosophum
1375 2030 1541 2073 magno
1565 2017 1712 2060 studio
1731 2018 1785 2061 de
1803 2021 1940 2064 rebus

258 2105 534 2166 gravissimis
571 2105 881 2157 disserentem,
935 2103 1132 2158 adeoque
1159 2116 1335 2145 omnem
1376 2084 1620 2160 tyrannidis
1658 2103 1848 2160 speciem
1876 2104 1940 2149 ita

257 2193 493 2245 abolebat,
523 2194 574 2235 ut
598 2189 715 2234 cives
737 2188 905 2246 optima
925 2201 1126 2244 quaeque
1143 2188 1198 2230 de
1214 2201 1265 2230 eo
1282 2191 1522 2242 sperarent.
1578 2187 1793 2232 Prodibat
1818 2189 1938 2233 enim

255 2277 306 2322 in
323 2277 552 2335 publicum
571 2279 614 2319 et
638 2289 741 2318 cum
763 2273 934 2317 civibus
957 2273 1219 2316 versabatur
1246 2285 1332 2314 non
1361 2271 1574 2315 satellitio
1595 2273 1823 2329 tyrannico
1856 2274 1938 2317 sti-

257 2369 404 2422 patus,
431 2361 508 2406 sed
523 2359 629 2404 viris
650 2357 979 2416 sapientissimis
999 2361 1043 2400 et
1058 2355 1420 2414 prudentissimis.
1476 2355 1622 2398 Vitam
1641 2358 1803 2412 agebat
1822 2370 1938 2412 eam,

179 2461 191 2469 '·
258 2447 373 2494 utin
397 2444 574 2502 optimis
605 2443 763 2490 studiis
782 2445 1055 2494 versaretur,
1096 2440 1212 2483 nihil
1231 2438 1569 2496 turpitudinisin
1593 2454 1641 2482 se
1672 2441 1937 2488 admitteret.

257 2533 314 2580 Iu
336 2530 523 2588 imperio
546 2529 661 2573 nihil
679 2529 815 2573 fiebat
838 2526 1099 2579 crudeliter,
1135 2526 1251 2569 nihil
1273 2525 1458 2578 iniuste,
1497 2524 1683 2580 denique
1700 2525 1814 2569 nihil
1841 2527 1938 2571 sine

257 2614 700 2675 prudentissimorum
723 2613 921 2657 virorum
949 2611 1133 2656 consilio
1145 2612 1236 2667 m).
1263 2611 1322 2654 At
1341 2609 1460 2652 enim
1481 2623 1612 2666 quam
1637 2624 1760 2666 spem
1779 2612 1938 2668 optimi

254 2702 424 2760 ‘quique
456 2700 511 2744 de
532 2698 745 2762 Dionysio
771 2711 826 2744 ex
848 2696 922 2746 his
951 2698 1088 2746 rebus
1118 2699 1431 2759 conceperant,
1467 2708 1567 2743 eam
1595 2694 1763 2742 invidia
1790 2699 1836 2740 et
1862 2710 1939 2742 ca.

312 3006 355 3064 1’)
383 3005 526 3050 Docte
550 3004 605 3047 de
640 3004 728 3049 hoc
762 3004 1025 3063 arg-umento
1055 3017 1196 3061 nuper
1230 3001 1427 3061 exposuit
1465 2968 1617 3045 Bra⁸n
1629 2998 1718 3043 des
1746 2998 1792 3042 in
1827 2998 1938 3043 Dia-

224 3123 249 3134 ·-
536 3078 1073 3162 22300
1144 3060 1273 3161 {³2:222
1305 3061 1357 3102 ‘¹0
1380 3057 1936 3159 asstantes

428 3132 933 3228 igueritjvf'renne
947 3189 1067 3219 man
1078 3133 1181 3221 diali
1201 3189 1239 3218 c.
1267 3149 1308 3231 ι’).
1328 3130 1499 3227 ἕέὶωεψι.

314 3272 374 3329 ··)
404 3272 455 3316 V.
477 3286 586 3329 quos
609 3273 761 3317 laudat
789 3272 1226 3318 Tennemanuus
1253 3271 1285 3317 l.
1315 3286 1359 3319 e.
1383 3286 1425 3330 p.
1446 3268 1542 3325 521,-

316 3369 398 3429 mJ
425 3368 718 3442 Plutarch.
745 3369 880 3417 Dion.
914 3385 959 3430 p.
981 3371 1081 3417 963.
