2040 3646
224 148 294 203 58
876 137 1117 189 PLATO
1128 138 1238 189 NIS

227 277 577 386 χαρίζεσθαι,
631 278 813 347 καλῶς
846 275 906 333 δὲ
928 280 1149 358 χρηστῶ
1174 297 1230 334 τε
1267 276 1359 333 καὶ
1395 279 1596 348 καλῶς.
1667 274 1913 356 πονηρὰς

153 377 204 429 E
229 362 278 422 6'
306 363 448 420 ἔστιν
478 361 682 432 ἐκεῖνος
704 357 738 418 6
772 357 1002 438 ἐραστὴς
1044 357 1076 418 6
1104 359 1421 438 πάνδημος,
1465 358 1497 419 6
1522 365 1629 420 τοῦ
1662 361 1912 437 σώματος

224 451 436 523 μᾶλλον
474 470 510 525 η
533 450 632 524 τῆς
654 449 841 522 ψυχῆς
870 444 1023 520 ἐοῶν.
1091 446 1185 503 καὶ
1208 467 1314 523 γαρ
1339 442 1471 504 οὐδὲ
1497 445 1725 522 μόνιμός
1752 447 1910 518 ἐστιν,

226 529 318 590 ἅτε
344 528 478 590 οὐδὲ
503 531 744 606 μονίμου
770 529 906 606 ἐρῶν
928 526 1260 614 πράγματος·
1304 525 1416 605 ἅμα
1436 553 1538 607 γαρ
1564 535 1642 613 τῷ
1665 535 1770 588 τοῦ
1799 530 1911 588 605-

224 638 394 693 ματος
418 613 579 675 ἄνθει
602 614 852 695 ληγουτι,
896 615 1069 720 οὑπερ
1095 612 1236 692 ἤρα,
1285 616 1483 691 οἴχεται
1515 591 1910 691 ἀποπτάμενος,

229 698 482 773 πολλους
503 698 708 779 λόγους
732 700 826 757 καὶ
849 696 1177 776 ὑποσχέσεις
1205 698 1587 777 καταισχύνας.
1645 698 1678 759 6
1707 701 1766 758 δε
1800 704 1910 759 τοῦ

223 784 413 867 ἤθους
444 789 691 865 χρηστοῦ
729 781 889 856 ὄντος
928 782 1161 863 ἐραστὴς
1193 781 1286 843 δια
1313 786 1443 861 βίου
1467 786 1640 891 μένει,
1689 781 1779 844 ἅτε
1804 807 1908 861 μο-

79 872 205 932 184
225 872 364 955 νέμω
399 871 702 942 συντακείς.
785 867 1026 941 τούτους
1059 867 1130 953 612
1160 868 1417 946 βούλεται
1453 867 1486 928 6
1521 868 1779 950 ἡμέτερος
1810 867 1909 929 νό-

224 979 328 1034 μος
352 956 418 1015 εὐ
451 957 545 1014 καὶ
579 957 761 1026 καλῶς
791 955 1128 1031 βασανίζειν,
1182 955 1276 1013 καὶ
1296 961 1410 1027 τοῖς
1433 955 1531 1031 μὲν
1554 956 1908 1032 χαρίσασθαι,

223 1039 360 1114 τοὺς
384 1041 445 1099 δε
471 1039 804 1118 διαφεύγειν.
848 1036 940 1098 δια
964 1044 1139 1098 ταῦτα
1170 1030 1277 1098 οὖν
1298 1047 1413 1112 τοῖς
1434 1062 1532 1115 μεν
1556 1038 1770 1098 διώκειν
1798 1057 1907 1098 πα-

223 1125 598 1204 ρακελεύεται,
639 1131 754 1197 τοῖς
775 1123 833 1183 δὲ
857 1121 1109 1202 φεύγειν,
1164 1122 1520 1202 αγω-υοθετῶν
1555 1125 1648 1182 καὶ
1678 1124 1908 1200 βασανί-

225 1216 334 1286 ζων
357 1210 604 1288 ποτέρων
625 1210 756 1269 ποτε
780 1209 922 1273 ε’στιυ
946 1207 978 1268 6
1005 1209 1142 1284 ἐρῶν
1167 1210 1259 1267 καὶ
1293 1209 1537 1286 ποτέρων
1562 1206 1595 1268 6
1619 1208 1904 1286 ἐρώμενος.

226 1293 376 1358 οὕτω
397 1293 467 1354 δ
437 1320 469 1375 η
497 1292 613 1354 ὑπὸ
640 1293 844 1373 ταύτης
865 1299 964 1373 τῆς
990 1294 1166 1366 αἰτίας
1199 1299 1417 1370 πρῶτον
1453 1295 1550 1370 μευ
1585 1291 1648 1352 τὸ
1688 1292 1906 1352 ἁλίσκε-

223 1388 373 1440 σθαι
383 1378 523 1457 ταχύ
550 1377 777 1457 αἰσχρὸν
798 1378 1131 1456 νενόμισται,
1175 1380 1262 1437 ἵνα
1287 1378 1485 1455 χρόνος
1513 1379 1800 1457 ἐγγένηται,
1843 1374 1907 1450 ὃς

221 1463 294 1546 δὴ
317 1470 471 1525 δοκεῖ
488 1488 555 1524 τα
576 1462 754 1524 πολλα
774 1468 956 1537 καλῶς
979 1464 1305 1541 βασανίζειν·
1346 1464 1523 1522 ἔπειτα
1546 1460 1610 1522 τὸ
1630 1460 1747 1523 ὑπὸ
1769 1486 1904 1542 χρη-

149 1558 200 1613 Β
223 1550 408 1628 μάτων
456 1552 550 1609 καὶ
589 1547 705 1610 ὑπὸ
752 1553 1049 1608 πολιτικῶν
1084 1547 1369 1626 δυνάμεων
1419 1546 1624 1607 ἁλῶναι
1662 1546 1905 1625 αἰσχρόν,

221 1635 314 1696 ἐάν
334 1659 389 1695 τε
401 1641 583 1708 κακῶς
597 1633 821 1711 πάσχων
834 1632 1010 1715 πτηξη
1033 1635 1127 1693 καὶ
1141 1657 1217 1714 μη
1243 1631 1567 1713 καρτερήση,
1591 1629 1660 1692 ἄν
1682 1630 1898 1710 τέὕερ-

217 1719 543 1800 γετούμενος
587 1721 663 1793 εἰς
698 1718 946 1800 χρήματα
986 1716 1024 1799 ἢ
1058 1719 1135 1792 εἰς
1171 1716 1481 1796 διαπραξεις
1516 1714 1797 1790 πολιτικας
1823 1713 1901 1795 μὴ

216 1805 632 1885 καταφρουησῃ.
700 1802 870 1864 ου’δευ
893 1827 1010 1883 γαρ
1055 1807 1210 1863 δοκεῖ
1248 1802 1461 1866 τούτων
1508 1800 1637 1862 οὔτε
1683 1802 1905 1879 βέβαιον

210 1889 348 1952 οὔτε
373 1888 606 1969 μόνιμον
627 1884 792 1962 εἶναι,
848 1891 1012 1968 χωρὶς
1034 1893 1140 1948 τοῦ
1164 1889 1300 1969 μηδε
1336 1887 1643 1967 πεφυκέναι
1679 1884 1771 1946 ἄπ’
1795 1884 1902 1946 αὐ-

276 2055 355 2102 διά
378 2058 528 2101 ταῦτα
553 2048 637 2100 οὖν
663 2057 762 2104 τοῖς
799 2079 828 2087 -
866 2052 1074 2113 ποτέρων
1109 2050 1133 2098 ὁ
1163 2051 1415 2122 ἐρώμενος]
1468 2052 1729 2096 Sdmetzins
1763 2056 1903 2095 totam

214 2116 333 2159 hanc
367 2115 626 2157 sententiam
650 2115 708 2155 ab
735 2113 883 2156 aliena
914 2127 1047 2155 manu
1074 2112 1377 2168 interpositam
1402 2113 1609 2180 putabat,
1637 2110 1900 2153 assentiente

215 2174 357 2218 Astio.
408 2172 585 2215 Bastius
622 2176 665 2213 et
700 2169 895 2212 Orellius
945 2171 1029 2224 (ad
1068 2171 1249 2212 Isocrat.
1279 2168 1384 2226 περὶ
1417 2164 1562 2212 ἅντιδ.
1574 2183 1641 2236 p.
1672 2168 1728 2210 32-
1709 2166 1757 2210 '8
1780 2168 1898 2235 sqq)

216 2246 272 2273 ex
290 2231 413 2273 codd.
439 2228 847 2271 vindobonensibus
866 2231 909 2270 et
934 2227 1136 2270 Parisino
1155 2227 1249 2284 legi
1272 2228 1481 2268 volebant
1505 2240 1617 2274 τους
1639 2225 1769 2279 μέν-
1787 2239 1901 2273 τους

216 2288 268 2332 δέ
297 2302 376 2342 pro
412 2290 511 2338 τοῖς
538 2284 621 2342 μέν
655 2308 685 2318 -
715 2288 815 2337 τοῖς
836 2283 899 2329 δέ.
959 2285 1046 2328 Sed
1067 2263 1227 2327 nulla‘³
1225 2298 1334 2340 opus
1359 2288 1424 2326 est
1451 2282 1707 2326 mutatione.
1745 2295 1786 2324 v.
1821 2295 1901 2326 an-

214 2349 353 2388 notat.

215 2489 262 2528 et
292 2484 482 2529 Astius
523 2483 579 2528 ad
610 2483 752 2541 Legg.
790 2498 835 2540 p.
844 2480 953 2526 124.
984 2485 1029 2526 et
1093 2479 1441 2525 Schuetzius
1478 2482 1616 2522 totam
1647 2477 1764 2521 hanc
1799 2491 1899 2520 sen-

214 2542 314 2589 184.
1093 2540 1276 2582 tentiam
1296 2552 1322 2580 a
1341 2538 1523 2580 Piatone
1546 2535 1784 2604 profectam
1802 2549 1899 2578 esse

273 2600 323 2644 P.
346 2597 444 2642 184.
502 2597 710 2655 ποτέρων
736 2594 850 2640 ποτὲ
887 2592 1027 2652 ἔστιν]
1093 2601 1291 2651 negaret.
1319 2618 1348 2627 -
1374 2596 1507 2642 τοῖς
1532 2589 1659 2662 μέν.
1678 2598 1900 2636 amato-

213 2657 263 2699 h.
287 2670 326 2699 e.
368 2656 436 2698 ad
478 2661 664 2698 utrum
706 2667 883 2711 genus
935 2667 1025 2695 re-
1089 2653 1262 2698 ribus.
1306 2676 1335 2685 -
1383 2654 1512 2700 τοῖς
1540 2647 1600 2693 δέ
1645 2648 1677 2692 i.
1710 2664 1748 2693 e.
1797 2652 1900 2702 τοῖς

213 2712 448 2757 ferendi
490 2713 604 2755 sint
643 2715 931 2755 amatores
971 2713 1025 2752 et
1088 2711 1336 2759 παιδικοῖς.

214 2771 401 2814 amati.
459 2769 696 2812 lutetiam
731 2772 833 2810 sunt
875 2771 1023 2810 autem

212 2827 350 2871 haec:
403 2822 482 2870 διὰ
511 2827 661 2869 ταῦτα
695 2825 779 2869 οὐν
806 2827 905 2874 τοῖς
942 2823 1026 2879 μὲν

214 2883 400 2929 διώκειν
434 2909 460 2917 -
497 2882 706 2942 ποτέρων
729 2880 753 2926 6
783 2878 1026 2938 ἐρώμενος,

213 2942 349 2998 quasi
366 2955 453 3008 oper
480 2940 762 3007 parenthesin
782 2939 1023 2994 quandam,

213 3004 349 3054 atque
365 2998 606 3041 inserviunt
624 2996 772 3039 verbis
791 2995 1024 3051 postremis

211 3055 488 3099 illustrandis
509 3058 606 3103 τοῖς
629 3069 710 3110 μεν
726 3052 1024 3119 χαρίσασθαι,

211 3109 328 3162 τοὺς
353 3110 402 3155 δε
427 3109 709 3167 διαφεύγειν.
762 3110 883 3152 Solet
902 3109 1022 3152 enim

202 3170 479 3221 Pausanias,
520 3173 569 3212 ut
591 3169 682 3211 iam
708 3166 923 3218 vidimus,
962 3168 1019 3209 ab

212 3227 426 3269 orationis
464 3231 615 3269 tenore
647 3224 810 3291 passim
849 3224 1024 3278 paullu-

210 3284 310 3326 lum
333 3283 566 3325 deflectere
585 3297 637 3327 ac
661 3280 864 3335 deinceps
882 3280 1022 3335 pluri-

213 3340 299 3386 bus
317 3339 587 3393 interpositis
617 3340 673 3385 ad
693 3337 919 3393 superiora
952 3352 1023 3378 re-

214 3395 342 3444 verti.
420 3397 528 3453 Nonj
567 3400 661 3442 erat
708 3393 850 3453 igitur
905 3394 1023 3450 quod

1087 2767 1240 2868 Βῖνα
1267 2779 1434 2866 χριίνζος
1471 2761 1733 2863 ἐγγένιητιριι]
1803 2763 1893 2807 vid.

1142 2839 1198 2926 (1³38.
1209 2827 1327 2923 1ῑιῦτςτὸ
1352 2822 1615 2922 πὲλιῖἳιξῶν
1622 2873 1894 2931 δυνάμεων]

1088 2938 1136 2980 11.
1159 2953 1196 2980 e.
1237 2951 1334 2993 spe
1371 2949 1620 3003 magnae
1653 2933 1708 2977 in
1746 2933 1895 2975 civi-

1090 2999 1211 3037 tate
1261 2991 1655 3036 auctoritatis
1705 2995 1756 3033 et
1794 3005 1895 3045 po-

1089 3051 1338 3094 testatis.
1396 3065 1437 3092 v.
1486 3047 1891 3118 Wyttenbaph.

1087 3118 1144 3155 au
1176 3107 1402 3178 Plutarch.
1423 3108 1477 3149 de
1497 3105 1592 3148 Ser.
1610 3105 1740 3148 Num.
1764 3103 1892 3145 Vind.

1086 3181 1130 3222 P
1119 3163 1280 3280 χῦτῗρὶς
1308 3221 1392 3265 τοῦ
1422 3218 1539 3276 μηδε
1569 3233 1678 3273 πεφ.
1690 3221 1711 3269 ]
1770 3216 1818 3260 11.
1853 3229 1893 3258 e.

1087 3284 1495 3346 praeterquam
1518 3277 1654 3332 quod
1679 3287 1746 3315 ne
1774 3271 1894 3315 ori-

1088 3343 1181 3381 tur
1220 3336 1445 3406 quidem
1481 3334 1611 3377 inde
1653 3344 1897 3387 genero-

1087 3409 1149 3440 sa
1204 3393 1500 3441 amicitia:
1557 3387 1899 3447 abgesehea
