2040 3646
183 154 195 195 ·,
225 154 264 211 3
840 144 1250 204 PRAEFATlo

203 296 387 342 corpus
416 295 570 327 secum
594 281 814 335 attulisse.
868 281 956 327 nis
986 282 1163 337 auditis
1186 283 1413 330 Socrates:
1456 283 1545 327 Sed
1568 298 1635 329 ne
1664 284 1777 331 l'orte
1799 284 1917 335 Sim-

205 355 342 403 .mias
359 353 469 402 huic
487 352 652 403 rationi
684 352 852 402 diffidat
865 385 881 408 ,
913 354 1077 398 eadem
1108 354 1246 398 etiam
1276 355 1380 398 aliis
1410 355 1686 412 argumentis
1717 371 1919 414 compro-

213 426 325 476 bari
346 428 503 482 potest.
562 425 689 481 Quae
719 424 870 482 qualia
891 424 1007 480 sint,
1043 440 1160 469 nunc
1192 425 1396 481 accipite.
1454 426 1664 482 Quotidie
1700 427 1819 471 enim
1843 443 1918 471 ex-

207 496 427 555 ‚petimur
466 509 548 542 nos
564 494 788 553 ,ex-unius
821 495 870 538 in
893 495 1076 541 alterius
1099 496 1166 541 rei
1190 497 1507 553 cogitationem
1535 497 1710 543 deferri.
1767 499 1919 543 Solent

211 567 348 627 *enim
378 581 449 610 res
475 565 651 620 oculis,
683 566 891 620 auribus,
929 567 1031 610 aliis
1069 567 1269 611 sensibus
1289 573 1524 625 perceptae
1555 569 1601 611 in
1629 572 1776 611 mente
1802 569 1919 631 exci-

225 642 324 687 tare
341 637 660 695 cogitationem
677 651 829 701 rerum
851 639 906 681 ab
928 637 1038 682 illis
1047 639 1176 694 plane
1196 639 1484 685 diversarum.
1543 640 1602 682 Ut
1625 639 1662 681 si
1689 639 1787 695 quis
1815 654 1918 683 con-

210 713 377 767 *specta
411 709 547 754 amici
572 709 683 766 lyra
700 707 794 751 vel
814 711 934 752 veste
956 707 1096 765 ipsius
1124 709 1260 753 amici
1283 711 1565 764 recordatur,
1605 715 1682 754 aut
1701 711 1739 754 si
1758 711 1921 768 imagi-

226 795 341 836 nem
351 780 446 828 eius
467 781 641 830 intuens
660 779 792 823 tacite
819 793 973 840 secum
997 779 1191 834 iudicat,
1235 795 1370 836 quam
1394 795 1530 837 prope
1553 781 1635 824 illa
1657 782 1713 826 ad
1736 782 1830 825 eius
1861 782 1922 825 si-

227 851 530 900 militudinem
557 851 736 905 accedat
771 851 845 894 vel
876 852 934 894 ab
968 864 1021 894 ea
1050 851 1179 894 absit.
1247 851 1399 908 Neque
1432 866 1537 895 vero
1578 853 1635 895 ad
1671 867 1725 896 ea
1762 849 1920 906 solum,

213 936 346 981 ,quae
368 923 569 972 sensibus
593 936 763 981 percipi
770 925 984 981 possunt,
1011 922 1243 965 referimus
1269 922 1376 976 illa,
1405 937 1519 979 quae
1538 923 1760 979 videmus,
1794 912 1923 968 audi-

220 1006 358 1048 m,us
387 993 616 1046 sentimus,
644 993 722 1036 sed
742 992 877 1036 etiam
893 993 950 1038 ad
978 992 1144 1050 species
1168 995 1379 1049 quasdam
1406 1002 1449 1039 et
1468 995 1632 1038 formas
1659 996 1752 1037 solo
1772 991 1920 1042 animo

219 1056 568 1125 comprehensas
581 1095 594 1117 ‚
623 1078 732 1122 quas
748 1063 800 1108 ἰιι
811 1063 898 1113 hae
916 1077 1070 1106 rernm
1089 1068 1248 1108 natura
1278 1079 1496 1121 nusquam
1527 1062 1698 1108 exstare
1721 1079 1922 1121 comper.-

226 1138 332 1191 turn
343 1135 576 1190 habemus,
635 1135 860 1179 Tenemus
895 1133 1016 1178 enim
1055 1135 1205 1180 animo
1232 1140 1382 1179 nostro
1420 1136 1611 1192 speciem
1635 1133 1766 1189 eius,
1804 1137 1922 1191 quod

225 1220 316 1263 per
323 1220 371 1250 se
390 1205 537 1263 ipsum
553 1208 620 1248 est
642 1205 879 1265 honestum
897 1209 946 1251 et
965 1210 1116 1262 turpe,
1160 1205 1328 1250 iustum
1355 1211 1398 1249 et
1420 1207 1660 1260 iniustum,
1704 1220 1919 1263 magnum

224 1280 502 1334 ‹et-parvum,
530 1256 740 1337 SQfilfi-‚.ei²
763 1276 1001 1335 dissimile,
1032 1276 1089 1320 ad
1112 1290 1298 1332 eamque
1321 1277 1512 1333 speciem
1535 1273 1703 1320 referre
1727 1280 1921 1322 solemus

220 1362 314 1402 pa,
353 1347 696 1404 quaesensibus
721 1347 884 1406 nostris
907 1347 1189 1404 percipimus,
1250 1345 1587 1393 Sed'undenam
1619 1348 1760 1391 animi
1784 1349 1924 1392 nostri

221 1419 344 1470 hanc
366 1418 725 1475 specierum-,sive
743 1419 945 1465 idearum
965 1418 1266 1476 cognitionem
1296 1419 1576 1464 hauserunt?
1635 1420 1765 1462 Certe
1785 1420 1924 1463 sensi-

223 1491 311 1539 bus
351 1490 549 1548 corporis
583 1504 670 1540 non
699 1494 985 1547 acceperunt:
1036 1490 1109 1533 his
1137 1489 1257 1540 enim
1285 1490 1454 1536 utimur
1488 1490 1663 1532 nonnisi
1696 1490 1742 1532 in
1771 1506 1923 1537 rerum

225 1559 524 1619 singularium
547 1561 828 1618 perceptione
851 1565 895 1605 et
917 1560 1315 1610 animadversione.
1374 1562 1530 1616 Itaque
1554 1560 1844 1616 relinquitur,
1872 1566 1923 1604 ut

225 1632 400 1680 animus
422 1646 575 1681 rerum
599 1646 678 1689 per
705 1645 752 1675 se
775 1633 1082 1676 absolutarum
1113 1632 1291 1680 notitias
1324 1647 1411 1674 non
1438 1633 1486 1674 in
1504 1631 1593 1674 hac
1623 1632 1802 1676 demum
1833 1633 1923 1677 vita

225 1703 475 1761 acceperit,
514 1703 594 1753 sed
619 1708 856 1760 antequam
886 1717 989 1745 cum
1008 1703 1096 1746 hoc
1117 1717 1301 1760 corpore
1331 1707 1597 1748 nasceretur.
1655 1703 1722 1744 Ex
1762 1702 1923 1757 quibus

226 1763 432 1828 omnihus
456 1778 642 1830 apparet
667 1774 854 1817 eundem
884 1773 978 1817 iam
1012 1774 1121 1816 olim
1147 1773 1309 1816 vixisse
1333 1777 1464 1831 atque
1486 1772 1697 1830 viguisse.

393 1845 501 1902 Cap.
520 1844 689 1890 XXIII.
747 1844 896 1891 Finita
916 1845 1006 1888 hac
1039 1844 1334 1901 disputatione
1357 1844 1592 1897 Simmias,
1644 1844 1750 1900 quid
1776 1845 1921 1890 adhuc
1988 1873 1992 1878 ·

227 1915 524 1971 desideraret,
553 1920 703 1972 aperte
730 1917 950 1973 professus
974 1920 1053 1960 est.
1111 1915 1227 1961 Nam
1244 1916 1330 1959 hac
1351 1915 1530 1971 quidem
1553 1915 1724 1958 ratione
1749 1916 1812 1959 ait
1835 1917 1924 1960 sibi

224 1987 382 2044 utique
409 1986 552 2030 videri
582 1986 790 2035 effectum
820 2001 941 2042 esse,
978 1992 1027 2031 ut
1057 1987 1257 2033 animum
1286 1986 1450 2039 fuisse,
1480 1986 1738 2042 priusquam
1764 2002 1922 2044 corpus

226 2061 512 2112 nasceretur,
542 2061 735 2104 statuere
757 2073 1047 2116 cogeremur3
1096 2060 1172 2102 sed
1202 2058 1316 2101 illud
1343 2058 1537 2100 nondum
1564 2072 1660 2100 esse
1686 2063 1923 2112 ostensum,

226 2144 332 2174 eum
354 2132 452 2186 post
468 2133 661 2174 mortem
685 2144 860 2186 quoque
878 2131 973 2173 fore
997 2130 1292 2187 superstitem.
1351 2129 1478 2184 Quae
1502 2128 1680 2184 quidem
1708 2129 1922 2194 dubitatio

227 2200 364 2253 etiam
381 2201 593 2251 Cebetem
614 2200 879 2254 commovit,
914 2205 964 2244 ut
988 2201 1162 2244 nonnisi
1195 2199 1430 2246 dimidium
1460 2200 1768 2255 disputationis
1795 2203 1926 2246 abso-

225 2272 375 2322 lutum
414 2285 510 2317 esse
545 2270 742 2326 diceret,
779 2271 1013 2321 dimidium
1051 2273 1203 2320 deesse
1235 2271 1531 2318 contenderet.
1590 2271 1659 2314 Ad
1680 2286 1757 2315 cos
1784 2266 1924 2329 igitur

226 2343 457 2396 Socrates,
502 2343 619 2399 quod
642 2341 924 2403 desideratis,
952 2342 1111 2395 amiel,
1139 2342 1309 2402 inquit,
1351 2341 1397 2389 id
1417 2341 1507 2389 iam
1524 2341 1722 2394 habetis,
1764 2343 1800 2385 si
1828 2344 1925 2397 qui·
2004 2346 2009 2350 “

229 2414 332 2461 dem
350 2413 578 2473 superiora
598 2413 704 2466 illa,
744 2427 859 2469 quae
878 2413 1179 2470 concessistis,
1223 2427 1325 2456 cum
1355 2412 1426 2454 his
1454 2411 1581 2454 dictis
1614 2412 1923 2470 coniungenda
1982 2452 1986 2457 .

228 2490 345 2535 sunt.
402 2485 518 2532 Nam
556 2483 596 2533 si
628 2498 789 2527 verum
810 2487 898 2538 est,
950 2486 1068 2542 quod
1097 2484 1390 2536 ostendimus,
1427 2483 1544 2528 hane
1576 2482 1623 2527 in
1647 2487 1740 2527 tota
1770 2498 1923 2528 rerum
1976 2493 1979 2495 ’

230 2561 394 2605 natura
412 2556 564 2606 valere
586 2555 761 2612 legem,
789 2559 839 2598 ut
859 2554 976 2601 nihil
996 2555 1197 2609 intereat,
1227 2560 1271 2605 et
1291 2555 1329 2598 si
1348 2558 1467 2598 recte
1488 2553 1804 2601 affirmavimus
1829 2555 1924 2599 ani-

229 2641 356 2677 mum
373 2641 525 2671 rerum
545 2640 625 2683 per
651 2640 698 2669 se
729 2626 1034 2682 absolutarum
1062 2626 1241 2673 notitias
1264 2640 1351 2671 non
1385 2625 1580 2681 corporis
1613 2639 1695 2682 ope
1724 2625 1811 2669 sibi
1852 2641 1925 2670 ac-

231 2692 490 2755 quisivisse,
530 2697 607 2742 sed
646 2695 826 2743 aliunde
859 2697 1108 2754 accepisset
1157 2696 1351 2743 dubitari
1382 2701 1500 2740 certe
1541 2710 1630 2739 non
1662 2702 1807 2752 potest
1832 2697 1927 2745 ani-

230 2783 356 2820 mum
377 2782 475 2816 esse
502 2768 813 2818 immortalem.

402 2840 507 2897 Cap.
532 2839 675 2886 xxlv
697 2863 753 2870 ——-
773 2838 971 2888 XXXIV.
1028 2838 1117 2883 sod
1134 2838 1343 2895 quoniam
1372 2840 1516 2880 metus
1540 2835 1641 2890 ille,
1671 2851 1728 2881 ne
1749 2837 1922 2882 animus

231 2924 287 2955 ex
317 2924 502 2967 corpore
529 2909 759 2966 egrediens
787 2914 1002 2965 tanquam
1035 2915 1166 2952 vento
1190 2910 1446 2964 dissipetur,
1489 2908 1619 2951 facile
1651 2907 1820 2955 animos
1850 2922 1924 2952 ve.-

232 2986 348 3028 stros
370 2981 514 3028 denuo
539 2980 840 3035 occupaverit3
884 2994 970 3037 age
1002 2994 1104 3030 eum
1133 2981 1197 3025 ita
1224 2980 1457 3030 tollamus,
1492 2984 1541 3021 ut
1563 2979 1811 3040 animorum
1841 2979 1926 3021 im-

232 3051 554 3102 mortalitatem
574 3050 776 3106 pluribus
797 3050 932 3095 etiam
954 3052 1227 3108 argumentis
1249 3049 1530 3107 probabilem
1543 3049 1726 3092 reddere
1752 3050 1924 3103 studea-

231 3135 344 3171 mus.
402 3123 460 3168 Et
493 3121 686 3178 primum
725 3121 904 3177 quidem
939 3122 1188 3176 videamus,
1236 3122 1342 3177 quid
1376 3120 1431 3168 sit
1468 3120 1582 3164 illud
1611 3116 1924 3176 dissipari,

229 3192 349 3249 quod
383 3206 460 3235 vos
494 3191 641 3234 dicitis
678 3196 878 3235 metuere
907 3207 964 3235 ne
1000 3193 1148 3239 animo
1181 3194 1364 3238 accidat.
1424 3192 1503 3241 Est
1535 3194 1683 3236 autem
1719 3190 1834 3237 illud
1863 3190 1929 3237 nil

229 3261 355 3309 aliud
383 3261 470 3306 nisi
504 3261 687 3306 dissolvi
718 3262 765 3313 in
808 3267 958 3319 partes
985 3277 1113 3316 snas,
1155 3263 1220 3309 ita
1256 3268 1306 3307 ut
1327 3265 1418 3311 hae
1446 3278 1473 3311 a
1507 3277 1554 3306 se
1574 3261 1764 3304 invicem
1790 3261 1932 3304 disce-

235 3331 375 3385 dant,
405 3336 450 3376 et
465 3330 605 3385 illud,
643 3333 762 3393 quod
786 3333 988 3395 partibus
1020 3333 1118 3377 istis
1140 3334 1468 3389 continebatur,
1505 3337 1655 3392 pereat
1671 3337 1716 3376 et
1732 3332 1930 3382 intereat.
