<?xml version="1.0" encoding="UTF-8"?>
<!DOCTYPE html PUBLIC "-//W3C//DTD XHTML 1.0 Transitional//EN"
    "http://www.w3.org/TR/xhtml1/DTD/xhtml1-transitional.dtd">
<html xmlns="http://www.w3.org/1999/xhtml" xml:lang="en" lang="en">
 <head>
  <title>
</title>
<meta http-equiv="Content-Type" content="text/html;charset=utf-8" />
  <meta name='ocr-system' content='tesseract 3.04.00' />
  <meta name='ocr-capabilities' content='ocr_page ocr_carea ocr_par ocr_line ocrx_word'/>
</head>
<body>
  <div class='ocr_page' id='page_1' title='image "./s1s2s3operaomnia01platuoft_0013.png"; bbox 0 0 2040 3646; ppageno 0'>
   <div class='ocr_carea' id='block_1_1' title="bbox 0 3354 47 3646">
    <p class='ocr_par' dir='ltr' id='par_1_1' title="bbox 0 3354 47 3646">
     <span class='ocr_line' id='line_1_1' title="bbox 0 3354 47 3646; baseline 0 0"><span class='ocrx_word' id='word_1_1' title='bbox 0 3354 47 3646; x_wconf 95' lang='lat' dir='ltr'><strong> </strong></span> 
     </span>
    </p>
   </div>
   <div class='ocr_carea' id='block_1_2' title="bbox 1730 154 1793 205">
    <p class='ocr_par' dir='ltr' id='par_1_2' title="bbox 1730 154 1793 205">
     <span class='ocr_line' id='line_1_2' title="bbox 1730 154 1793 205; baseline 0.063 -4"><span class='ocrx_word' id='word_1_2' title='bbox 1730 154 1793 205; x_wconf 76' lang='lat' dir='ltr'><strong>x!</strong></span> 
     </span>
    </p>
   </div>
   <div class='ocr_carea' id='block_1_3' title="bbox 105 294 1795 439">
    <p class='ocr_par' dir='ltr' id='par_1_3' title="bbox 105 294 1795 439">
     <span class='ocr_line' id='line_1_3' title="bbox 105 294 1795 363; baseline -0.002 -20"><span class='ocrx_word' id='word_1_3' title='bbox 105 312 230 363; x_wconf 24' lang='lat' dir='ltr'><strong>„quae</strong></span> <span class='ocrx_word' id='word_1_4' title='bbox 250 302 317 344; x_wconf 81' lang='lat' dir='ltr'><strong>est</strong></span> <span class='ocrx_word' id='word_1_5' title='bbox 336 298 391 342; x_wconf 89' lang='lat' dir='ltr'><strong>de</strong></span> <span class='ocrx_word' id='word_1_6' title='bbox 411 298 506 354; x_wconf 67' lang='lat' dir='ltr'><strong>yita</strong></span> <span class='ocrx_word' id='word_1_7' title='bbox 526 300 570 342; x_wconf 88' lang='lat' dir='ltr'><strong>et</strong></span> <span class='ocrx_word' id='word_1_8' title='bbox 591 296 811 352; x_wconf 88' lang='lat' dir='ltr'><strong>moribus,</strong></span> <span class='ocrx_word' id='word_1_9' title='bbox 841 299 890 339; x_wconf 87' lang='lat' dir='ltr'><strong>ut</strong></span> <span class='ocrx_word' id='word_1_10' title='bbox 910 294 1148 357; x_wconf 82' lang='lat' dir='ltr'><strong>praecipue</strong></span> <span class='ocrx_word' id='word_1_11' title='bbox 1166 295 1366 340; x_wconf 86' lang='lat' dir='ltr'><strong>animum</strong></span> <span class='ocrx_word' id='word_1_12' title='bbox 1389 295 1657 350; x_wconf 85' lang='lat' dir='ltr'><strong>attenderet,</strong></span> <span class='ocrx_word' id='word_1_13' title='bbox 1685 296 1795 340; x_wconf 84' lang='lat' dir='ltr'><strong>effe-</strong></span> 
     </span>
     <span class='ocr_line' id='line_1_4' title="bbox 115 381 1795 439; baseline -0.001 -11"><span class='ocrx_word' id='word_1_14' title='bbox 115 385 178 432; x_wconf 90' lang='lat' dir='ltr'><strong>cit</strong></span> <span class='ocrx_word' id='word_1_15' title='bbox 199 384 391 432; x_wconf 85' lang='lat' dir='ltr'><strong>Socratis</strong></span> <span class='ocrx_word' id='word_1_16' title='bbox 412 384 679 428; x_wconf 87' lang='lat' dir='ltr'><strong>consuetudo</strong></span> <span class='ocrx_word' id='word_1_17' title='bbox 697 387 740 426; x_wconf 88' lang='lat' dir='ltr'><strong>et</strong></span> <span class='ocrx_word' id='word_1_18' title='bbox 759 381 1065 439; x_wconf 75' lang='lat' dir='ltr'><strong>familiaritas,</strong></span> <span class='ocrx_word' id='word_1_19' title='bbox 1119 381 1168 425; x_wconf 89' lang='lat' dir='ltr'><strong>in</strong></span> <span class='ocrx_word' id='word_1_20' title='bbox 1198 397 1332 438; x_wconf 91' lang='lat' dir='ltr'><strong>quam</strong></span> <span class='ocrx_word' id='word_1_21' title='bbox 1365 397 1467 426; x_wconf 88' lang='lat' dir='ltr'><strong>eum</strong></span> <span class='ocrx_word' id='word_1_22' title='bbox 1493 397 1607 427; x_wconf 88' lang='lat' dir='ltr'><strong>anno</strong></span> <span class='ocrx_word' id='word_1_23' title='bbox 1637 382 1795 429; x_wconf 79' lang='lat' dir='ltr'><strong>aetatis</strong></span> 
     </span>
    </p>
   </div>
   <div class='ocr_carea' id='block_1_4' title="bbox 116 466 1870 527">
    <p class='ocr_par' dir='ltr' id='par_1_4' title="bbox 116 466 1870 527">
     <span class='ocr_line' id='line_1_5' title="bbox 116 466 1870 527; baseline -0.001 -14"><span class='ocrx_word' id='word_1_24' title='bbox 116 469 334 527; x_wconf 79' lang='lat' dir='ltr'><strong>vigesimo</strong></span> <span class='ocrx_word' id='word_1_25' title='bbox 365 470 537 512; x_wconf 87' lang='lat' dir='ltr'><strong>venisse</strong></span> <span class='ocrx_word' id='word_1_26' title='bbox 567 481 699 524; x_wconf 87' lang='lat' dir='ltr'><strong>supra</strong></span> <span class='ocrx_word' id='word_1_27' title='bbox 726 466 1017 510; x_wconf 81' lang='lat' dir='ltr'><strong>narravimus.</strong></span> <span class='ocrx_word' id='word_1_28' title='bbox 1104 467 1285 512; x_wconf 84' lang='lat' dir='ltr'><strong>Constat</strong></span> <span class='ocrx_word' id='word_1_29' title='bbox 1319 471 1468 511; x_wconf 90' lang='lat' dir='ltr'><strong>autem</strong></span> <span class='ocrx_word' id='word_1_30' title='bbox 1498 468 1613 514; x_wconf 88' lang='lat' dir='ltr'><strong>inter</strong></span> <span class='ocrx_word' id='word_1_31' title='bbox 1645 479 1797 511; x_wconf 77' lang='lat' dir='ltr'><strong>omnes</strong></span> <span class='ocrx_word' id='word_1_32' title='bbox 1866 479 1870 484; x_wconf 88' lang='grc'><strong><em>’</em></strong></span> 
     </span>
    </p>
   </div>
   <div class='ocr_carea' id='block_1_5' title="bbox 115 547 1799 611">
    <p class='ocr_par' dir='ltr' id='par_1_5' title="bbox 115 547 1799 611">
     <span class='ocr_line' id='line_1_6' title="bbox 115 547 1799 611; baseline -0.004 -13"><span class='ocrx_word' id='word_1_33' title='bbox 115 555 346 604; x_wconf 81' lang='lat' dir='ltr'><strong>Socratem</strong></span> <span class='ocrx_word' id='word_1_34' title='bbox 367 555 559 611; x_wconf 88' lang='lat' dir='ltr'><strong>primum</strong></span> <span class='ocrx_word' id='word_1_35' title='bbox 588 552 848 609; x_wconf 78' lang='lat' dir='ltr'>sapientiam</span> <span class='ocrx_word' id='word_1_36' title='bbox 881 552 935 595; x_wconf 91' lang='lat' dir='ltr'><strong>ad</strong></span> <span class='ocrx_word' id='word_1_37' title='bbox 956 551 1093 596; x_wconf 86' lang='lat' dir='ltr'><strong>vitam</strong></span> <span class='ocrx_word' id='word_1_38' title='bbox 1119 565 1353 607; x_wconf 84' lang='lat' dir='ltr'><strong>moresque</strong></span> <span class='ocrx_word' id='word_1_39' title='bbox 1383 547 1617 600; x_wconf 83' lang='lat' dir='ltr'><strong>hominum</strong></span> <span class='ocrx_word' id='word_1_40' title='bbox 1648 568 1799 596; x_wconf 52' lang='lat' dir='ltr'><strong>emen*</strong></span> 
     </span>
    </p>
   </div>
   <div class='ocr_carea' id='block_1_6' title="bbox 62 636 1799 702">
    <p class='ocr_par' dir='ltr' id='par_1_6' title="bbox 62 636 1799 702">
     <span class='ocr_line' id='line_1_7' title="bbox 62 636 1799 702; baseline -0.001 -19"><span class='ocrx_word' id='word_1_41' title='bbox 62 646 67 649; x_wconf 85' lang='grc'><strong>’</strong></span> <span class='ocrx_word' id='word_1_42' title='bbox 103 640 287 702; x_wconf 55' lang='grc' dir='ltr'><strong>11311ιὶ08</strong></span> <span class='ocrx_word' id='word_1_43' title='bbox 311 641 377 683; x_wconf 88' lang='lat' dir='ltr'><strong>ita</strong></span> <span class='ocrx_word' id='word_1_44' title='bbox 397 653 626 698; x_wconf 70' lang='lat' dir='ltr'><strong>revocasse</strong></span> <span class='ocrx_word' id='word_1_45' title='bbox 649 642 692 684; x_wconf 89' lang='lat' dir='ltr'><strong>et</strong></span> <span class='ocrx_word' id='word_1_46' title='bbox 709 636 986 689; x_wconf 82' lang='lat' dir='ltr'><strong>adhibuisse,</strong></span> <span class='ocrx_word' id='word_1_47' title='bbox 1021 640 1073 680; x_wconf 90' lang='lat' dir='ltr'><strong>ut</strong></span> <span class='ocrx_word' id='word_1_48' title='bbox 1105 650 1218 692; x_wconf 90' lang='lat' dir='ltr'><strong>quae</strong></span> <span class='ocrx_word' id='word_1_49' title='bbox 1241 636 1396 684; x_wconf 77' lang='lat' dir='ltr'><strong>virtuti</strong></span> <span class='ocrx_word' id='word_1_50' title='bbox 1433 642 1510 681; x_wconf 90' lang='lat' dir='ltr'><strong>aut</strong></span> <span class='ocrx_word' id='word_1_51' title='bbox 1533 638 1649 682; x_wconf 86' lang='lat' dir='ltr'><strong>nihil</strong></span> <span class='ocrx_word' id='word_1_52' title='bbox 1674 638 1799 682; x_wconf 56' lang='lat' dir='ltr'><strong>utilia-</strong></span> 
     </span>
    </p>
   </div>
   <div class='ocr_carea' id='block_1_7' title="bbox 83 710 1802 795">
    <p class='ocr_par' dir='ltr' id='par_1_7' title="bbox 83 710 1802 795">
     <span class='ocr_line' id='line_1_8' title="bbox 83 710 1802 795; baseline -0.001 -26"><span class='ocrx_word' id='word_1_53' title='bbox 83 710 95 735; x_wconf 63' lang='grc'>”</span> <span class='ocrx_word' id='word_1_54' title='bbox 116 726 222 770; x_wconf 82' lang='lat' dir='ltr'><strong>tatis</strong></span> <span class='ocrx_word' id='word_1_55' title='bbox 242 725 450 795; x_wconf 74' lang='lat' dir='ltr'><strong>afferrent</strong></span> <span class='ocrx_word' id='word_1_56' title='bbox 472 727 548 768; x_wconf 87' lang='lat' dir='ltr'><strong>aut</strong></span> <span class='ocrx_word' id='word_1_57' title='bbox 568 725 724 766; x_wconf 89' lang='lat' dir='ltr'><strong>obesse</strong></span> <span class='ocrx_word' id='word_1_58' title='bbox 745 722 818 764; x_wconf 93' lang='lat' dir='ltr'><strong>illi</strong></span> <span class='ocrx_word' id='word_1_59' title='bbox 845 725 888 764; x_wconf 88' lang='lat' dir='ltr'><strong>et</strong></span> <span class='ocrx_word' id='word_1_60' title='bbox 912 735 1072 767; x_wconf 87' lang='lat' dir='ltr'><strong>nocere</strong></span> <span class='ocrx_word' id='word_1_61' title='bbox 1100 720 1380 775; x_wconf 85' lang='lat' dir='ltr'><strong>viderentur,</strong></span> <span class='ocrx_word' id='word_1_62' title='bbox 1422 736 1475 766; x_wconf 84' lang='lat' dir='ltr'><strong>ea</strong></span> <span class='ocrx_word' id='word_1_63' title='bbox 1510 727 1802 780; x_wconf 82' lang='lat' dir='ltr'><strong>oppugnaret,</strong></span> 
     </span>
    </p>
   </div>
   <div class='ocr_carea' id='block_1_8' title="bbox 115 806 1806 1291">
    <p class='ocr_par' dir='ltr' id='par_1_8' title="bbox 115 806 1806 1291">
     <span class='ocr_line' id='line_1_9' title="bbox 115 806 1802 864; baseline -0.004 -11"><span class='ocrx_word' id='word_1_64' title='bbox 115 811 350 863; x_wconf 80' lang='lat' dir='ltr'><strong>refutaret,</strong></span> <span class='ocrx_word' id='word_1_65' title='bbox 378 810 688 852; x_wconf 89' lang='lat' dir='ltr'><strong>contemneret.</strong></span> <span class='ocrx_word' id='word_1_66' title='bbox 746 807 901 861; x_wconf 85' lang='lat' dir='ltr'><strong>Itaque</strong></span> <span class='ocrx_word' id='word_1_67' title='bbox 920 806 999 848; x_wconf 79' lang='lat' dir='ltr'><strong>ille</strong></span> <span class='ocrx_word' id='word_1_68' title='bbox 1022 819 1109 851; x_wconf 85' lang='lat' dir='ltr'><strong>non</strong></span> <span class='ocrx_word' id='word_1_69' title='bbox 1131 807 1279 852; x_wconf 86' lang='lat' dir='ltr'><strong>solum</strong></span> <span class='ocrx_word' id='word_1_70' title='bbox 1309 806 1504 854; x_wconf 86' lang='lat' dir='ltr'><strong>curiosas</strong></span> <span class='ocrx_word' id='word_1_71' title='bbox 1541 809 1802 864; x_wconf 78' lang='lat' dir='ltr'><strong>disputatio.-</strong></span> 
     </span>
     <span class='ocr_line' id='line_1_10' title="bbox 117 891 1802 953; baseline -0.001 -15"><span class='ocrx_word' id='word_1_72' title='bbox 117 908 196 939; x_wconf 83' lang='lat' dir='ltr'><strong>nes</strong></span> <span class='ocrx_word' id='word_1_73' title='bbox 217 908 395 947; x_wconf 88' lang='lat' dir='ltr'><strong>eorum,</strong></span> <span class='ocrx_word' id='word_1_74' title='bbox 439 893 521 950; x_wconf 88' lang='lat' dir='ltr'><strong>qui</strong></span> <span class='ocrx_word' id='word_1_75' title='bbox 547 893 602 951; x_wconf 87' lang='lat' dir='ltr'><strong>de</strong></span> <span class='ocrx_word' id='word_1_76' title='bbox 632 905 783 935; x_wconf 90' lang='lat' dir='ltr'><strong>rerum</strong></span> <span class='ocrx_word' id='word_1_77' title='bbox 798 895 968 953; x_wconf 11' lang='lat' dir='ltr'><strong>‘natura</strong></span> <span class='ocrx_word' id='word_1_78' title='bbox 1005 891 1346 946; x_wconf 76' lang='lat' dir='ltr'><strong>quaesivissent,</strong></span> <span class='ocrx_word' id='word_1_79' title='bbox 1395 893 1524 948; x_wconf 83' lang='lat' dir='ltr'><strong>parvi</strong></span> <span class='ocrx_word' id='word_1_80' title='bbox 1552 894 1802 941; x_wconf 84' lang='lat' dir='ltr'><strong>aestimavit</strong></span> 
     </span>
     <span class='ocr_line' id='line_1_11' title="bbox 116 975 1804 1036; baseline -0.002 -14"><span class='ocrx_word' id='word_1_81' title='bbox 116 980 315 1035; x_wconf 81' lang='lat' dir='ltr'><strong>adeoque</strong></span> <span class='ocrx_word' id='word_1_82' title='bbox 335 978 624 1036; x_wconf 82' lang='lat' dir='ltr'><strong>negligendas</strong></span> <span class='ocrx_word' id='word_1_83' title='bbox 639 975 873 1030; x_wconf 85' lang='lat' dir='ltr'><strong>iudicavit,</strong></span> <span class='ocrx_word' id='word_1_84' title='bbox 903 976 980 1019; x_wconf 89' lang='lat' dir='ltr'><strong>sed</strong></span> <span class='ocrx_word' id='word_1_85' title='bbox 1000 975 1136 1019; x_wconf 87' lang='lat' dir='ltr'><strong>etiam</strong></span> <span class='ocrx_word' id='word_1_86' title='bbox 1154 977 1367 1020; x_wconf 85' lang='lat' dir='ltr'><strong>absurdas</strong></span> <span class='ocrx_word' id='word_1_87' title='bbox 1390 978 1689 1033; x_wconf 83' lang='lat' dir='ltr'><strong>sophistarum</strong></span> <span class='ocrx_word' id='word_1_88' title='bbox 1707 979 1804 1035; x_wconf 83' lang='lat' dir='ltr'><strong>opi-.-</strong></span> 
     </span>
     <span class='ocr_line' id='line_1_12' title="bbox 115 1061 1803 1119; baseline -0.002 -12"><span class='ocrx_word' id='word_1_89' title='bbox 115 1063 294 1117; x_wconf 85' lang='lat' dir='ltr'><strong>niones,</strong></span> <span class='ocrx_word' id='word_1_90' title='bbox 323 1064 485 1119; x_wconf 85' lang='lat' dir='ltr'><strong>quibus</strong></span> <span class='ocrx_word' id='word_1_91' title='bbox 510 1077 686 1110; x_wconf 88' lang='lat' dir='ltr'><strong>omnem</strong></span> <span class='ocrx_word' id='word_1_92' title='bbox 710 1061 884 1110; x_wconf 85' lang='lat' dir='ltr'><strong>virtutis</strong></span> <span class='ocrx_word' id='word_1_93' title='bbox 910 1075 964 1106; x_wconf 89' lang='lat' dir='ltr'><strong>ac</strong></span> <span class='ocrx_word' id='word_1_94' title='bbox 992 1061 1231 1116; x_wconf 84' lang='lat' dir='ltr'><strong>sapientiae</strong></span> <span class='ocrx_word' id='word_1_95' title='bbox 1261 1061 1479 1112; x_wconf 84' lang='lat' dir='ltr'><strong>rationem</strong></span> <span class='ocrx_word' id='word_1_96' title='bbox 1509 1063 1648 1107; x_wconf 86' lang='lat' dir='ltr'><strong>everti</strong></span> <span class='ocrx_word' id='word_1_97' title='bbox 1678 1063 1803 1108; x_wconf 85' lang='lat' dir='ltr'><strong>vide-.-</strong></span> 
     </span>
     <span class='ocr_line' id='line_1_13' title="bbox 117 1146 1804 1205; baseline -0.001 -12"><span class='ocrx_word' id='word_1_98' title='bbox 117 1152 187 1197; x_wconf 81' lang='lat' dir='ltr'><strong>ret</strong></span> <span class='ocrx_word' id='word_1_99' title='bbox 198 1150 259 1205; x_wconf 76' lang='grc'><strong>*),</strong></span> <span class='ocrx_word' id='word_1_100' title='bbox 314 1153 411 1192; x_wconf 89' lang='lat' dir='ltr'><strong>tum</strong></span> <span class='ocrx_word' id='word_1_101' title='bbox 446 1147 646 1191; x_wconf 85' lang='lat' dir='ltr'><strong>doctrina</strong></span> <span class='ocrx_word' id='word_1_102' title='bbox 685 1151 781 1191; x_wconf 89' lang='lat' dir='ltr'><strong>tum</strong></span> <span class='ocrx_word' id='word_1_103' title='bbox 823 1160 902 1189; x_wconf 91' lang='lat' dir='ltr'><strong>suo</strong></span> <span class='ocrx_word' id='word_1_104' title='bbox 941 1146 1082 1202; x_wconf 86' lang='lat' dir='ltr'><strong>ipsius</strong></span> <span class='ocrx_word' id='word_1_105' title='bbox 1121 1148 1320 1203; x_wconf 81' lang='lat' dir='ltr'><strong>exemplo</strong></span> <span class='ocrx_word' id='word_1_106' title='bbox 1358 1147 1551 1195; x_wconf 86' lang='lat' dir='ltr'><strong>studiose</strong></span> <span class='ocrx_word' id='word_1_107' title='bbox 1587 1149 1804 1205; x_wconf 84' lang='lat' dir='ltr'><strong>coarguit.</strong></span> 
     </span>
     <span class='ocr_line' id='line_1_14' title="bbox 119 1231 1806 1291; baseline -0.001 -15"><span class='ocrx_word' id='word_1_108' title='bbox 119 1235 253 1291; x_wconf 79' lang='lat' dir='ltr'><strong>Quod</strong></span> <span class='ocrx_word' id='word_1_109' title='bbox 273 1248 361 1290; x_wconf 91' lang='lat' dir='ltr'><strong>qua</strong></span> <span class='ocrx_word' id='word_1_110' title='bbox 380 1234 552 1279; x_wconf 86' lang='lat' dir='ltr'><strong>ratione</strong></span> <span class='ocrx_word' id='word_1_111' title='bbox 570 1233 750 1285; x_wconf 82' lang='lat' dir='ltr'><strong>fecerit,</strong></span> <span class='ocrx_word' id='word_1_112' title='bbox 780 1245 918 1287; x_wconf 88' lang='lat' dir='ltr'><strong>quum</strong></span> <span class='ocrx_word' id='word_1_113' title='bbox 940 1231 1144 1287; x_wconf 87' lang='lat' dir='ltr'><strong>plurimis</strong></span> <span class='ocrx_word' id='word_1_114' title='bbox 1171 1235 1371 1278; x_wconf 80' lang='lat' dir='ltr'><strong>veterum</strong></span> <span class='ocrx_word' id='word_1_115' title='bbox 1393 1233 1660 1289; x_wconf 86' lang='lat' dir='ltr'><strong>scriptorum</strong></span> <span class='ocrx_word' id='word_1_116' title='bbox 1678 1235 1806 1277; x_wconf 76' lang='lat' dir='ltr'><strong>testi-</strong></span> 
     </span>
    </p>
   </div>
   <div class='ocr_carea' id='block_1_9' title="bbox 1 1316 1806 1377">
    <p class='ocr_par' dir='ltr' id='par_1_9' title="bbox 1 1316 1806 1377">
     <span class='ocr_line' id='line_1_15' title="bbox 1 1316 1806 1377; baseline 0.001 -15"><span class='ocrx_word' id='word_1_117' title='bbox 1 1362 10 1372; x_wconf 70' lang='grc'><em>,</em></span> <span class='ocrx_word' id='word_1_118' title='bbox 60 1330 63 1331; x_wconf 69' lang='grc'>’</span> <span class='ocrx_word' id='word_1_119' title='bbox 119 1319 281 1375; x_wconf 82' lang='lat' dir='ltr'><strong>moniis</strong></span> <span class='ocrx_word' id='word_1_120' title='bbox 300 1323 491 1374; x_wconf 81' lang='lat' dir='ltr'><strong>constat,</strong></span> <span class='ocrx_word' id='word_1_121' title='bbox 520 1322 617 1361; x_wconf 88' lang='lat' dir='ltr'><strong>tum</strong></span> <span class='ocrx_word' id='word_1_122' title='bbox 636 1332 661 1364; x_wconf 89' lang='lat' dir='ltr'><strong>e</strong></span> <span class='ocrx_word' id='word_1_123' title='bbox 681 1316 985 1373; x_wconf 82' lang='lat' dir='ltr'><strong>Xenophontis</strong></span> <span class='ocrx_word' id='word_1_124' title='bbox 1005 1321 1048 1359; x_wconf 89' lang='lat' dir='ltr'><strong>et</strong></span> <span class='ocrx_word' id='word_1_125' title='bbox 1068 1317 1268 1365; x_wconf 80' lang='lat' dir='ltr'><strong>Platonis</strong></span> <span class='ocrx_word' id='word_1_126' title='bbox 1294 1318 1569 1362; x_wconf 83' lang='lat' dir='ltr'><strong>sermonibus</strong></span> <span class='ocrx_word' id='word_1_127' title='bbox 1595 1319 1806 1377; x_wconf 85' lang='lat' dir='ltr'><strong>cognosci</strong></span> 
     </span>
    </p>
   </div>
   <div class='ocr_carea' id='block_1_10' title="bbox 70 3217 101 3271">
    <p class='ocr_par' dir='ltr' id='par_1_10' title="bbox 0 3191 101 3278">
     <span class='ocr_line' id='line_1_16' title="bbox 70 3217 101 3271; baseline 0.01 -20.307"><span class='ocrx_word' id='word_1_128' title='bbox 70 3217 101 3271; x_wconf 55' lang='grc' dir='ltr'><strong>ρ,</strong></span> 
     </span>
    </p>
   </div>
   <div class='ocr_carea' id='block_1_11' title="bbox 118 1400 1821 2996">
    <p class='ocr_par' dir='ltr' id='par_1_11' title="bbox 118 1400 1821 2996">
     <span class='ocr_line' id='line_1_17' title="bbox 118 1400 1809 1460; baseline -0.002 -12"><span class='ocrx_word' id='word_1_129' title='bbox 118 1404 251 1451; x_wconf 76' lang='lat' dir='ltr'><strong>facile</strong></span> <span class='ocrx_word' id='word_1_130' title='bbox 269 1407 428 1460; x_wconf 88' lang='lat' dir='ltr'><strong>potest.</strong></span> <span class='ocrx_word' id='word_1_131' title='bbox 483 1403 637 1459; x_wconf 84' lang='lat' dir='ltr'><strong>Neque</strong></span> <span class='ocrx_word' id='word_1_132' title='bbox 656 1400 774 1444; x_wconf 91' lang='lat' dir='ltr'><strong>enim</strong></span> <span class='ocrx_word' id='word_1_133' title='bbox 792 1401 839 1444; x_wconf 89' lang='lat' dir='ltr'><strong>id</strong></span> <span class='ocrx_word' id='word_1_134' title='bbox 862 1402 980 1459; x_wconf 85' lang='lat' dir='ltr'><strong>egit,</strong></span> <span class='ocrx_word' id='word_1_135' title='bbox 1015 1406 1065 1449; x_wconf 89' lang='lat' dir='ltr'><strong>ut</strong></span> <span class='ocrx_word' id='word_1_136' title='bbox 1094 1406 1330 1458; x_wconf 85' lang='lat' dir='ltr'><strong>praecepta</strong></span> <span class='ocrx_word' id='word_1_137' title='bbox 1350 1403 1470 1447; x_wconf 83' lang='lat' dir='ltr'><strong>vitae</strong></span> <span class='ocrx_word' id='word_1_138' title='bbox 1502 1408 1622 1447; x_wconf 87' lang='lat' dir='ltr'><strong>recte</strong></span> <span class='ocrx_word' id='word_1_139' title='bbox 1651 1419 1704 1448; x_wconf 89' lang='lat' dir='ltr'><strong>ac</strong></span> <span class='ocrx_word' id='word_1_140' title='bbox 1734 1419 1809 1448; x_wconf 49' lang='lat' dir='ltr'><strong>sa*</strong></span> 
     </span>
     <span class='ocr_line' id='line_1_18' title="bbox 120 1481 1809 1548; baseline 0.001 -16"><span class='ocrx_word' id='word_1_141' title='bbox 120 1490 292 1548; x_wconf 85' lang='lat' dir='ltr'><strong>pienter</strong></span> <span class='ocrx_word' id='word_1_142' title='bbox 320 1488 612 1536; x_wconf 84' lang='lat' dir='ltr'><strong>instituendae</strong></span> <span class='ocrx_word' id='word_1_143' title='bbox 638 1487 687 1534; x_wconf 87' lang='lat' dir='ltr'><strong>in</strong></span> <span class='ocrx_word' id='word_1_144' title='bbox 706 1486 975 1543; x_wconf 85' lang='lat' dir='ltr'><strong>disciplinae</strong></span> <span class='ocrx_word' id='word_1_145' title='bbox 999 1481 1195 1530; x_wconf 81' lang='lat' dir='ltr'><strong>formam</strong></span> <span class='ocrx_word' id='word_1_146' title='bbox 1214 1488 1436 1544; x_wconf 89' lang='lat' dir='ltr'><strong>redigeret</strong></span> <span class='ocrx_word' id='word_1_147' title='bbox 1460 1493 1536 1536; x_wconf 90' lang='lat' dir='ltr'><strong>aut</strong></span> <span class='ocrx_word' id='word_1_148' title='bbox 1566 1490 1728 1546; x_wconf 87' lang='lat' dir='ltr'><strong>quibus</strong></span> <span class='ocrx_word' id='word_1_149' title='bbox 1755 1504 1809 1536; x_wconf 87' lang='lat' dir='ltr'><strong>ea</strong></span> 
     </span>
     <span class='ocr_line' id='line_1_19' title="bbox 121 1551 1811 1629; baseline 0.001 -12"><span class='ocrx_word' id='word_1_150' title='bbox 121 1551 266 1622; x_wconf 81' lang='lat' dir='ltr'><strong>causis</strong></span> <span class='ocrx_word' id='word_1_151' title='bbox 284 1577 328 1618; x_wconf 84' lang='lat' dir='ltr'><strong>et</strong></span> <span class='ocrx_word' id='word_1_152' title='bbox 351 1573 602 1617; x_wconf 80' lang='lat' dir='ltr'><strong>rationibus</strong></span> <span class='ocrx_word' id='word_1_153' title='bbox 636 1572 906 1625; x_wconf 85' lang='lat' dir='ltr'><strong>niterentur,</strong></span> <span class='ocrx_word' id='word_1_154' title='bbox 955 1572 1110 1616; x_wconf 90' lang='lat' dir='ltr'><strong>subtili</strong></span> <span class='ocrx_word' id='word_1_155' title='bbox 1132 1574 1514 1629; x_wconf 86' lang='lat' dir='ltr'><strong>argumentatione</strong></span> <span class='ocrx_word' id='word_1_156' title='bbox 1539 1575 1811 1628; x_wconf 58' lang='lat' dir='ltr'><strong>ostenda-en</strong></span> 
     </span>
     <span class='ocr_line' id='line_1_20' title="bbox 121 1657 1814 1716; baseline -0.001 -13"><span class='ocrx_word' id='word_1_157' title='bbox 121 1660 200 1709; x_wconf 73' lang='lat' dir='ltr'><strong>sed</strong></span> <span class='ocrx_word' id='word_1_158' title='bbox 219 1659 372 1716; x_wconf 83' lang='lat' dir='ltr'><strong>quavis</strong></span> <span class='ocrx_word' id='word_1_159' title='bbox 399 1658 723 1715; x_wconf 85' lang='lat' dir='ltr'><strong>opportunitate</strong></span> <span class='ocrx_word' id='word_1_160' title='bbox 744 1671 850 1700; x_wconf 91' lang='lat' dir='ltr'><strong>usus</strong></span> <span class='ocrx_word' id='word_1_161' title='bbox 869 1658 924 1699; x_wconf 92' lang='lat' dir='ltr'><strong>de</strong></span> <span class='ocrx_word' id='word_1_162' title='bbox 944 1657 1133 1714; x_wconf 87' lang='lat' dir='ltr'><strong>singulis</strong></span> <span class='ocrx_word' id='word_1_163' title='bbox 1155 1661 1312 1713; x_wconf 87' lang='lat' dir='ltr'><strong>rebus,</strong></span> <span class='ocrx_word' id='word_1_164' title='bbox 1356 1674 1468 1715; x_wconf 88' lang='lat' dir='ltr'><strong>quae</strong></span> <span class='ocrx_word' id='word_1_165' title='bbox 1489 1661 1547 1703; x_wconf 88' lang='lat' dir='ltr'><strong>ad</strong></span> <span class='ocrx_word' id='word_1_166' title='bbox 1567 1662 1682 1708; x_wconf 86' lang='lat' dir='ltr'><strong>bene</strong></span> <span class='ocrx_word' id='word_1_167' title='bbox 1703 1663 1814 1706; x_wconf 85' lang='lat' dir='ltr'><strong>bea-.-</strong></span> 
     </span>
     <span class='ocr_line' id='line_1_21' title="bbox 123 1742 1813 1801; baseline 0 -13"><span class='ocrx_word' id='word_1_168' title='bbox 123 1749 255 1801; x_wconf 81' lang='lat' dir='ltr'><strong>teque</strong></span> <span class='ocrx_word' id='word_1_169' title='bbox 274 1744 511 1800; x_wconf 82' lang='lat' dir='ltr'><strong>vivendum</strong></span> <span class='ocrx_word' id='word_1_170' title='bbox 533 1744 755 1796; x_wconf 88' lang='lat' dir='ltr'><strong>valerent,</strong></span> <span class='ocrx_word' id='word_1_171' title='bbox 784 1757 1009 1786; x_wconf 88' lang='lat' dir='ltr'><strong>sermones</strong></span> <span class='ocrx_word' id='word_1_172' title='bbox 1032 1742 1247 1797; x_wconf 86' lang='lat' dir='ltr'><strong>instituit,</strong></span> <span class='ocrx_word' id='word_1_173' title='bbox 1276 1745 1425 1792; x_wconf 85' lang='lat' dir='ltr'><strong>omnia</strong></span> <span class='ocrx_word' id='word_1_174' title='bbox 1446 1749 1597 1796; x_wconf 87' lang='lat' dir='ltr'><strong>autem</strong></span> <span class='ocrx_word' id='word_1_175' title='bbox 1616 1747 1671 1789; x_wconf 89' lang='lat' dir='ltr'><strong>ad</strong></span> <span class='ocrx_word' id='word_1_176' title='bbox 1702 1746 1813 1794; x_wconf 84' lang='lat' dir='ltr'><strong>boni</strong></span> 
     </span>
     <span class='ocr_line' id='line_1_22' title="bbox 118 1827 1815 1887; baseline -0.001 -13"><span class='ocrx_word' id='word_1_177' title='bbox 118 1830 381 1887; x_wconf 83' lang='lat' dir='ltr'><strong>honestique</strong></span> <span class='ocrx_word' id='word_1_178' title='bbox 405 1843 580 1878; x_wconf 85' lang='lat' dir='ltr'><strong>sensum</strong></span> <span class='ocrx_word' id='word_1_179' title='bbox 593 1862 606 1883; x_wconf 88' lang='lat'><strong>,</strong></span> <span class='ocrx_word' id='word_1_180' title='bbox 637 1842 769 1884; x_wconf 88' lang='lat' dir='ltr'><strong>quem</strong></span> <span class='ocrx_word' id='word_1_181' title='bbox 789 1827 996 1871; x_wconf 88' lang='lat' dir='ltr'><strong>omnibus</strong></span> <span class='ocrx_word' id='word_1_182' title='bbox 1021 1833 1180 1879; x_wconf 79' lang='lat' dir='ltr'><strong>natura</strong></span> <span class='ocrx_word' id='word_1_183' title='bbox 1198 1829 1343 1873; x_wconf 87' lang='lat' dir='ltr'><strong>inesse</strong></span> <span class='ocrx_word' id='word_1_184' title='bbox 1373 1831 1699 1884; x_wconf 77' lang='lat' dir='ltr'><strong>arbitrabatur,</strong></span> <span class='ocrx_word' id='word_1_185' title='bbox 1741 1845 1815 1874; x_wconf 89' lang='lat' dir='ltr'><strong>re-.·</strong></span> 
     </span>
     <span class='ocr_line' id='line_1_23' title="bbox 119 1913 1812 1972; baseline 0.001 -13"><span class='ocrx_word' id='word_1_186' title='bbox 119 1916 225 1965; x_wconf 84' lang='lat' dir='ltr'><strong>tulit</strong></span> <span class='ocrx_word' id='word_1_187' title='bbox 238 1919 448 1970; x_wconf 83' lang='lat' dir='ltr'><strong>tanquam</strong></span> <span class='ocrx_word' id='word_1_188' title='bbox 468 1915 525 1959; x_wconf 87' lang='lat' dir='ltr'><strong>ad</strong></span> <span class='ocrx_word' id='word_1_189' title='bbox 544 1914 826 1958; x_wconf 85' lang='lat' dir='ltr'><strong>verissimum</strong></span> <span class='ocrx_word' id='word_1_190' title='bbox 856 1913 1236 1970; x_wconf 84' lang='lat' dir='ltr'><strong>certissimumque</strong></span> <span class='ocrx_word' id='word_1_191' title='bbox 1266 1914 1476 1967; x_wconf 65' lang='lat' dir='ltr'><strong>iudicema</strong></span> <span class='ocrx_word' id='word_1_192' title='bbox 1532 1917 1682 1972; x_wconf 76' lang='lat' dir='ltr'><strong>Quum</strong></span> <span class='ocrx_word' id='word_1_193' title='bbox 1704 1930 1812 1966; x_wconf 73' lang='lat' dir='ltr'><strong>vero</strong></span> 
     </span>
     <span class='ocr_line' id='line_1_24' title="bbox 123 1984 1816 2058; baseline 0.001 -15"><span class='ocrx_word' id='word_1_194' title='bbox 123 1999 357 2055; x_wconf 79' lang='lat' dir='ltr'><strong>disciplina</strong></span> <span class='ocrx_word' id='word_1_195' title='bbox 378 1999 472 2042; x_wconf 91' lang='lat' dir='ltr'><strong>eius</strong></span> <span class='ocrx_word' id='word_1_196' title='bbox 483 1999 645 2054; x_wconf 87' lang='lat' dir='ltr'><strong>partim</strong></span> <span class='ocrx_word' id='word_1_197' title='bbox 658 1984 896 2048; x_wconf 81' lang='lat' dir='ltr'><strong>referretur</strong></span> <span class='ocrx_word' id='word_1_198' title='bbox 916 1999 972 2050; x_wconf 80' lang='lat' dir='ltr'><strong>ad</strong></span> <span class='ocrx_word' id='word_1_199' title='bbox 983 2000 1248 2048; x_wconf 78' lang='lat' dir='ltr'><strong>refellendos</strong></span> <span class='ocrx_word' id='word_1_200' title='bbox 1275 2000 1510 2056; x_wconf 84' lang='lat' dir='ltr'><strong>sophistas,</strong></span> <span class='ocrx_word' id='word_1_201' title='bbox 1527 1991 1690 2057; x_wconf 80' lang='lat' dir='ltr'><strong>partim</strong></span> <span class='ocrx_word' id='word_1_202' title='bbox 1717 2016 1816 2058; x_wconf 86' lang='lat' dir='ltr'><strong>spe-.-</strong></span> 
     </span>
     <span class='ocr_line' id='line_1_25' title="bbox 127 2082 1816 2140; baseline 0.001 -12"><span class='ocrx_word' id='word_1_203' title='bbox 127 2088 267 2130; x_wconf 88' lang='lat' dir='ltr'><strong>ctaret</strong></span> <span class='ocrx_word' id='word_1_204' title='bbox 309 2098 386 2137; x_wconf 87' lang='lat' dir='ltr'><strong>eo,</strong></span> <span class='ocrx_word' id='word_1_205' title='bbox 442 2087 495 2126; x_wconf 87' lang='lat' dir='ltr'><strong>ut</strong></span> <span class='ocrx_word' id='word_1_206' title='bbox 526 2082 780 2138; x_wconf 82' lang='lat' dir='ltr'><strong>aequalium</strong></span> <span class='ocrx_word' id='word_1_207' title='bbox 818 2083 956 2126; x_wconf 88' lang='lat' dir='ltr'><strong>animi</strong></span> <span class='ocrx_word' id='word_1_208' title='bbox 990 2098 1120 2127; x_wconf 86' lang='lat' dir='ltr'><strong>verae</strong></span> <span class='ocrx_word' id='word_1_209' title='bbox 1166 2085 1410 2140; x_wconf 86' lang='lat' dir='ltr'><strong>sapientiae</strong></span> <span class='ocrx_word' id='word_1_210' title='bbox 1450 2090 1495 2129; x_wconf 87' lang='lat' dir='ltr'><strong>et</strong></span> <span class='ocrx_word' id='word_1_211' title='bbox 1526 2085 1702 2133; x_wconf 81' lang='lat' dir='ltr'><strong>virtutis</strong></span> <span class='ocrx_word' id='word_1_212' title='bbox 1740 2101 1816 2130; x_wconf 63' lang='lat' dir='ltr'><strong>co÷</strong></span> 
     </span>
     <span class='ocr_line' id='line_1_26' title="bbox 126 2167 1816 2229; baseline 0.002 -18"><span class='ocrx_word' id='word_1_213' title='bbox 126 2169 328 2229; x_wconf 85' lang='lat' dir='ltr'><strong>gnitione</strong></span> <span class='ocrx_word' id='word_1_214' title='bbox 360 2167 692 2221; x_wconf 88' lang='lat' dir='ltr'><strong>imbuerentur,</strong></span> <span class='ocrx_word' id='word_1_215' title='bbox 750 2167 797 2209; x_wconf 90' lang='lat' dir='ltr'><strong>in</strong></span> <span class='ocrx_word' id='word_1_216' title='bbox 829 2167 1089 2222; x_wconf 88' lang='lat' dir='ltr'><strong>disputando</strong></span> <span class='ocrx_word' id='word_1_217' title='bbox 1122 2173 1216 2210; x_wconf 88' lang='lat' dir='ltr'><strong>tum</strong></span> <span class='ocrx_word' id='word_1_218' title='bbox 1238 2169 1386 2212; x_wconf 88' lang='lat' dir='ltr'><strong>ironia</strong></span> <span class='ocrx_word' id='word_1_219' title='bbox 1411 2172 1648 2224; x_wconf 87' lang='lat' dir='ltr'><strong>utebatur,</strong></span> <span class='ocrx_word' id='word_1_220' title='bbox 1703 2185 1816 2227; x_wconf 84' lang='lat' dir='ltr'><strong>quae</strong></span> 
     </span>
     <span class='ocr_line' id='line_1_27' title="bbox 124 2251 1817 2318; baseline 0.002 -22"><span class='ocrx_word' id='word_1_221' title='bbox 124 2254 369 2311; x_wconf 83' lang='lat' dir='ltr'><strong>plurimum</strong></span> <span class='ocrx_word' id='word_1_222' title='bbox 418 2253 586 2296; x_wconf 83' lang='lat' dir='ltr'><strong>valeret</strong></span> <span class='ocrx_word' id='word_1_223' title='bbox 642 2251 699 2301; x_wconf 81' lang='lat' dir='ltr'><strong>ad</strong></span> <span class='ocrx_word' id='word_1_224' title='bbox 744 2251 952 2296; x_wconf 88' lang='lat' dir='ltr'><strong>ridendas</strong></span> <span class='ocrx_word' id='word_1_225' title='bbox 1001 2253 1301 2318; x_wconf 84' lang='lat' dir='ltr'><strong>sophistarum</strong></span> <span class='ocrx_word' id='word_1_226' title='bbox 1337 2254 1637 2299; x_wconf 79' lang='lat' dir='ltr'><strong>fraudulentas</strong></span> <span class='ocrx_word' id='word_1_227' title='bbox 1674 2259 1817 2311; x_wconf 87' lang='lat' dir='ltr'><strong>artes,</strong></span> 
     </span>
     <span class='ocr_line' id='line_1_28' title="bbox 126 2337 1816 2399; baseline 0.003 -17"><span class='ocrx_word' id='word_1_228' title='bbox 126 2344 235 2390; x_wconf 30' lang='lat' dir='ltr'><strong>tum·</strong></span> <span class='ocrx_word' id='word_1_229' title='bbox 256 2337 559 2382; x_wconf 83' lang='lat' dir='ltr'><strong>obstetriciam</strong></span> <span class='ocrx_word' id='word_1_230' title='bbox 590 2337 718 2384; x_wconf 79' lang='lat' dir='ltr'><strong>illam</strong></span> <span class='ocrx_word' id='word_1_231' title='bbox 757 2340 898 2386; x_wconf 80' lang='lat' dir='ltr'><strong>artem</strong></span> <span class='ocrx_word' id='word_1_232' title='bbox 940 2337 1206 2392; x_wconf 86' lang='lat' dir='ltr'><strong>adhibebat,</strong></span> <span class='ocrx_word' id='word_1_233' title='bbox 1267 2339 1392 2382; x_wconf 88' lang='lat' dir='ltr'><strong>cuius</strong></span> <span class='ocrx_word' id='word_1_234' title='bbox 1431 2355 1537 2397; x_wconf 87' lang='lat' dir='ltr'><strong>ope,</strong></span> <span class='ocrx_word' id='word_1_235' title='bbox 1586 2355 1695 2386; x_wconf 86' lang='lat' dir='ltr'><strong>suae</strong></span> <span class='ocrx_word' id='word_1_236' title='bbox 1720 2342 1816 2399; x_wconf 85' lang='lat' dir='ltr'><strong>ipse</strong></span> 
     </span>
     <span class='ocr_line' id='line_1_29' title="bbox 125 2421 1818 2486; baseline 0.002 -19"><span class='ocrx_word' id='word_1_237' title='bbox 125 2423 370 2486; x_wconf 70' lang='lat' dir='ltr'><strong>sapientiae</strong></span> <span class='ocrx_word' id='word_1_238' title='bbox 411 2422 711 2469; x_wconf 86' lang='lat' dir='ltr'><strong>dissimulator</strong></span> <span class='ocrx_word' id='word_1_239' title='bbox 746 2421 1137 2481; x_wconf 85' lang='lat' dir='ltr'><strong>prudentissimus,</strong></span> <span class='ocrx_word' id='word_1_240' title='bbox 1194 2437 1253 2465; x_wconf 46' lang='lat' dir='ltr'><strong>exJ</strong></span> <span class='ocrx_word' id='word_1_241' title='bbox 1284 2424 1442 2477; x_wconf 84' lang='lat' dir='ltr'><strong>animis</strong></span> <span class='ocrx_word' id='word_1_242' title='bbox 1480 2440 1660 2481; x_wconf 78' lang='lat' dir='ltr'><strong>eorum,</strong></span> <span class='ocrx_word' id='word_1_243' title='bbox 1718 2428 1818 2484; x_wconf 49' lang='lat' dir='ltr'><strong>qui„</strong></span> 
     </span>
     <span class='ocr_line' id='line_1_30' title="bbox 127 2507 1819 2568; baseline 0.004 -17"><span class='ocrx_word' id='word_1_244' title='bbox 127 2510 315 2558; x_wconf 87' lang='lat' dir='ltr'><strong>buscum</strong></span> <span class='ocrx_word' id='word_1_245' title='bbox 362 2507 629 2561; x_wconf 81' lang='lat' dir='ltr'><strong>disserebat,</strong></span> <span class='ocrx_word' id='word_1_246' title='bbox 694 2507 901 2556; x_wconf 86' lang='lat' dir='ltr'><strong>eliciebat</strong></span> <span class='ocrx_word' id='word_1_247' title='bbox 939 2508 1138 2555; x_wconf 87' lang='lat' dir='ltr'><strong>notiones</strong></span> <span class='ocrx_word' id='word_1_248' title='bbox 1159 2541 1173 2562; x_wconf 91' lang='lat'><strong>,</strong></span> <span class='ocrx_word' id='word_1_249' title='bbox 1241 2524 1354 2565; x_wconf 83' lang='lat' dir='ltr'><strong>quae</strong></span> <span class='ocrx_word' id='word_1_250' title='bbox 1392 2515 1522 2558; x_wconf 83' lang='lat' dir='ltr'><strong>antea</strong></span> <span class='ocrx_word' id='word_1_251' title='bbox 1576 2513 1702 2568; x_wconf 88' lang='lat' dir='ltr'><strong>quasi</strong></span> <span class='ocrx_word' id='word_1_252' title='bbox 1749 2514 1819 2557; x_wconf 55' lang='lat' dir='ltr'><strong>ins</strong></span> 
     </span>
     <span class='ocr_line' id='line_1_31' title="bbox 128 2572 1818 2654; baseline 0.003 -17"><span class='ocrx_word' id='word_1_253' title='bbox 128 2595 306 2641; x_wconf 69' lang='lat' dir='ltr'><strong>volutae</strong></span> <span class='ocrx_word' id='word_1_254' title='bbox 334 2592 591 2646; x_wconf 87' lang='lat' dir='ltr'><strong>iacuissent,</strong></span> <span class='ocrx_word' id='word_1_255' title='bbox 645 2591 710 2638; x_wconf 88' lang='lat' dir='ltr'><strong>ita</strong></span> <span class='ocrx_word' id='word_1_256' title='bbox 736 2595 785 2636; x_wconf 89' lang='lat' dir='ltr'><strong>ut</strong></span> <span class='ocrx_word' id='word_1_257' title='bbox 811 2605 922 2648; x_wconf 90' lang='lat' dir='ltr'><strong>quae</strong></span> <span class='ocrx_word' id='word_1_258' title='bbox 960 2592 1033 2641; x_wconf 82' lang='lat' dir='ltr'><strong>illi</strong></span> <span class='ocrx_word' id='word_1_259' title='bbox 1056 2572 1284 2648; x_wconf 83' lang='lat' dir='ltr'><strong>dicebant,</strong></span> <span class='ocrx_word' id='word_1_260' title='bbox 1320 2594 1408 2651; x_wconf 89' lang='lat' dir='ltr'><strong>ipsi</strong></span> <span class='ocrx_word' id='word_1_261' title='bbox 1432 2596 1673 2654; x_wconf 88' lang='lat' dir='ltr'><strong>reperisse,</strong></span> <span class='ocrx_word' id='word_1_262' title='bbox 1728 2613 1818 2646; x_wconf 86' lang='lat' dir='ltr'><strong>non</strong></span> 
     </span>
     <span class='ocr_line' id='line_1_32' title="bbox 131 2676 1818 2739; baseline 0.004 -18"><span class='ocrx_word' id='word_1_263' title='bbox 131 2691 162 2728; x_wconf 83' lang='lat' dir='ltr'><strong>a</strong></span> <span class='ocrx_word' id='word_1_264' title='bbox 188 2678 369 2726; x_wconf 87' lang='lat' dir='ltr'><strong>Socrate</strong></span> <span class='ocrx_word' id='word_1_265' title='bbox 398 2677 603 2720; x_wconf 85' lang='lat' dir='ltr'><strong>didicisse</strong></span> <span class='ocrx_word' id='word_1_266' title='bbox 641 2676 911 2739; x_wconf 64' lang='lat' dir='ltr'><strong>viderentur,</strong></span> <span class='ocrx_word' id='word_1_267' title='bbox 967 2678 1130 2727; x_wconf 83' lang='lat' dir='ltr'><strong>Effecit</strong></span> <span class='ocrx_word' id='word_1_268' title='bbox 1168 2683 1317 2731; x_wconf 80' lang='lat' dir='ltr'><strong>autem</strong></span> <span class='ocrx_word' id='word_1_269' title='bbox 1351 2683 1446 2724; x_wconf 89' lang='lat' dir='ltr'><strong>tum</strong></span> <span class='ocrx_word' id='word_1_270' title='bbox 1482 2687 1818 2739; x_wconf 84' lang='lat' dir='ltr'><strong>praeceptorum</strong></span> 
     </span>
     <span class='ocr_line' id='line_1_33' title="bbox 132 2761 1819 2825; baseline 0.004 -19"><span class='ocrx_word' id='word_1_271' title='bbox 132 2763 297 2812; x_wconf 78' lang='lat' dir='ltr'><strong>veritas</strong></span> <span class='ocrx_word' id='word_1_272' title='bbox 324 2766 367 2806; x_wconf 89' lang='lat' dir='ltr'><strong>et</strong></span> <span class='ocrx_word' id='word_1_273' title='bbox 394 2761 666 2819; x_wconf 80' lang='lat' dir='ltr'><strong>praestantia</strong></span> <span class='ocrx_word' id='word_1_274' title='bbox 679 2792 693 2815; x_wconf 87' lang='lat'><strong>,</strong></span> <span class='ocrx_word' id='word_1_275' title='bbox 751 2765 847 2811; x_wconf 85' lang='lat' dir='ltr'><strong>tum</strong></span> <span class='ocrx_word' id='word_1_276' title='bbox 880 2762 1122 2813; x_wconf 85' lang='lat' dir='ltr'><strong>disserendi</strong></span> <span class='ocrx_word' id='word_1_277' title='bbox 1162 2765 1276 2815; x_wconf 82' lang='lat' dir='ltr'><strong>ratio</strong></span> <span class='ocrx_word' id='word_1_278' title='bbox 1312 2779 1492 2821; x_wconf 84' lang='lat' dir='ltr'><strong>prorsus</strong></span> <span class='ocrx_word' id='word_1_279' title='bbox 1525 2768 1819 2825; x_wconf 87' lang='lat' dir='ltr'><strong>admirabilis,</strong></span> 
     </span>
     <span class='ocr_line' id='line_1_34' title="bbox 131 2845 1821 2908; baseline 0.003 -17"><span class='ocrx_word' id='word_1_280' title='bbox 131 2852 185 2893; x_wconf 82' lang='lat' dir='ltr'><strong>ut</strong></span> <span class='ocrx_word' id='word_1_281' title='bbox 219 2847 313 2891; x_wconf 89' lang='lat' dir='ltr'><strong>eius</strong></span> <span class='ocrx_word' id='word_1_282' title='bbox 339 2847 493 2895; x_wconf 85' lang='lat' dir='ltr'><strong>laudes</strong></span> <span class='ocrx_word' id='word_1_283' title='bbox 522 2860 550 2897; x_wconf 84' lang='lat' dir='ltr'><strong>a</strong></span> <span class='ocrx_word' id='word_1_284' title='bbox 585 2845 755 2891; x_wconf 86' lang='lat' dir='ltr'><strong>civibus</strong></span> <span class='ocrx_word' id='word_1_285' title='bbox 788 2846 880 2890; x_wconf 85' lang='lat' dir='ltr'><strong>suis</strong></span> <span class='ocrx_word' id='word_1_286' title='bbox 912 2847 1101 2892; x_wconf 85' lang='lat' dir='ltr'><strong>mirifice</strong></span> <span class='ocrx_word' id='word_1_287' title='bbox 1136 2851 1463 2898; x_wconf 86' lang='lat' dir='ltr'><strong>celebrarentur</strong></span> <span class='ocrx_word' id='word_1_288' title='bbox 1495 2852 1678 2908; x_wconf 87' lang='lat' dir='ltr'><strong>eiusque</strong></span> <span class='ocrx_word' id='word_1_289' title='bbox 1715 2868 1821 2898; x_wconf 85' lang='lat' dir='ltr'><strong>con-.</strong></span> 
     </span>
     <span class='ocr_line' id='line_1_35' title="bbox 133 2931 1819 2996; baseline 0.006 -23"><span class='ocrx_word' id='word_1_290' title='bbox 133 2932 318 2979; x_wconf 71' lang='lat' dir='ltr'><strong>suetudo</strong></span> <span class='ocrx_word' id='word_1_291' title='bbox 363 2933 421 2975; x_wconf 88' lang='lat' dir='ltr'><strong>ab</strong></span> <span class='ocrx_word' id='word_1_292' title='bbox 459 2931 809 2979; x_wconf 81' lang='lat' dir='ltr'><strong>adolescentibus</strong></span> <span class='ocrx_word' id='word_1_293' title='bbox 843 2946 979 2976; x_wconf 82' lang='lat' dir='ltr'><strong>verae</strong></span> <span class='ocrx_word' id='word_1_294' title='bbox 1019 2934 1260 2989; x_wconf 83' lang='lat' dir='ltr'><strong>sapientiae</strong></span> <span class='ocrx_word' id='word_1_295' title='bbox 1303 2936 1513 2985; x_wconf 73' lang='lat' dir='ltr'><strong>studiosis</strong></span> <span class='ocrx_word' id='word_1_296' title='bbox 1552 2938 1710 2995; x_wconf 77' lang='lat' dir='ltr'><strong>cupide</strong></span> <span class='ocrx_word' id='word_1_297' title='bbox 1740 2954 1819 2996; x_wconf 78' lang='lat' dir='ltr'><strong>ap-,·</strong></span> 
     </span>
    </p>
   </div>
   <div class='ocr_carea' id='block_1_12' title="bbox 135 3015 1819 3085">
    <p class='ocr_par' dir='ltr' id='par_1_12' title="bbox 135 3015 1819 3085">
     <span class='ocr_line' id='line_1_36' title="bbox 135 3015 1819 3085; baseline 0.007 -21"><span class='ocrx_word' id='word_1_298' title='bbox 135 3019 372 3074; x_wconf 71' lang='lat' dir='ltr'><strong>peteretur.</strong></span> <span class='ocrx_word' id='word_1_299' title='bbox 428 3017 487 3067; x_wconf 77' lang='lat' dir='ltr'><strong>Et</strong></span> <span class='ocrx_word' id='word_1_300' title='bbox 506 3015 876 3078; x_wconf 72' lang='lat' dir='ltr'><strong>quemadmodum</strong></span> <span class='ocrx_word' id='word_1_301' title='bbox 898 3017 965 3064; x_wconf 74' lang='lat' dir='ltr'><strong>vis</strong></span> <span class='ocrx_word' id='word_1_302' title='bbox 983 3019 1196 3075; x_wconf 67' lang='lat' dir='ltr'><strong>veritatis,</strong></span> <span class='ocrx_word' id='word_1_303' title='bbox 1224 3020 1349 3070; x_wconf 83' lang='lat' dir='ltr'><strong>cuius</strong></span> <span class='ocrx_word' id='word_1_304' title='bbox 1365 3021 1451 3073; x_wconf 78' lang='lat' dir='ltr'><strong>ruit</strong></span> <span class='ocrx_word' id='word_1_305' title='bbox 1474 3023 1819 3085; x_wconf 58' lang='lat' dir='ltr'><strong>amantissimus,</strong></span> 
     </span>
    </p>
   </div>
   <div class='ocr_carea' id='block_1_13' title="bbox 141 3169 719 3206">
    <p class='ocr_par' dir='ltr' id='par_1_13' title="bbox 141 3169 719 3206">
     <span class='ocr_line' id='line_1_37' title="bbox 141 3169 719 3206; baseline 0 -3"><span class='ocrx_word' id='word_1_306' title='bbox 141 3182 474 3206; x_wconf 48' lang='lat' dir='ltr'><strong>m</strong></span> <span class='ocrx_word' id='word_1_307' title='bbox 700 3169 719 3192; x_wconf 70' lang='lat'><strong>·</strong></span> 
     </span>
    </p>
   </div>
   <div class='ocr_carea' id='block_1_14' title="bbox 194 3304 1820 3426">
    <p class='ocr_par' dir='ltr' id='par_1_14' title="bbox 194 3304 1820 3426">
     <span class='ocr_line' id='line_1_38' title="bbox 194 3304 1820 3375; baseline 0.007 -26"><span class='ocrx_word' id='word_1_308' title='bbox 194 3305 235 3364; x_wconf 74' lang='lat' dir='ltr'><strong>*J</strong></span> <span class='ocrx_word' id='word_1_309' title='bbox 261 3304 331 3350; x_wconf 83' lang='lat' dir='ltr'><strong>De</strong></span> <span class='ocrx_word' id='word_1_310' title='bbox 354 3304 563 3374; x_wconf 62' lang='lat' dir='ltr'><strong>sophistis</strong></span> <span class='ocrx_word' id='word_1_311' title='bbox 584 3319 637 3375; x_wconf 48' lang='grc' dir='ltr'><strong>ν..</strong></span> <span class='ocrx_word' id='word_1_312' title='bbox 649 3305 885 3364; x_wconf 78' lang='lat' dir='ltr'><strong>scriptores</strong></span> <span class='ocrx_word' id='word_1_313' title='bbox 908 3309 1123 3361; x_wconf 79' lang='lat' dir='ltr'><strong>historiae</strong></span> <span class='ocrx_word' id='word_1_314' title='bbox 1152 3310 1474 3374; x_wconf 76' lang='lat' dir='ltr'><strong>philosophiae.</strong></span> <span class='ocrx_word' id='word_1_315' title='bbox 1528 3311 1683 3372; x_wconf 82' lang='lat' dir='ltr'><strong>Neque</strong></span> <span class='ocrx_word' id='word_1_316' title='bbox 1702 3313 1820 3373; x_wconf 66' lang='lat' dir='ltr'><strong>enim,</strong></span> 
     </span>
     <span class='ocr_line' id='line_1_39' title="bbox 307 3361 1647 3426; baseline 0.017 -23"><span class='ocrx_word' id='word_1_317' title='bbox 307 3361 362 3408; x_wconf 80' lang='lat' dir='ltr'><strong>de</strong></span> <span class='ocrx_word' id='word_1_318' title='bbox 385 3377 442 3410; x_wconf 77' lang='lat' dir='ltr'><strong>us</strong></span> <span class='ocrx_word' id='word_1_319' title='bbox 465 3364 639 3413; x_wconf 70' lang='lat' dir='ltr'><strong>dicendl</strong></span> <span class='ocrx_word' id='word_1_320' title='bbox 663 3365 741 3410; x_wconf 84' lang='lat' dir='ltr'><strong>hic</strong></span> <span class='ocrx_word' id='word_1_321' title='bbox 763 3365 888 3414; x_wconf 73' lang='lat' dir='ltr'><strong>locus</strong></span> <span class='ocrx_word' id='word_1_322' title='bbox 910 3370 990 3416; x_wconf 65' lang='lat' dir='ltr'><strong>esi.</strong></span> <span class='ocrx_word' id='word_1_323' title='bbox 1645 3422 1647 3426; x_wconf 88' lang='lat'>.</span> 
     </span>
    </p>
   </div>
   <div class='ocr_carea' id='block_1_15' title="bbox 1972 3046 1987 3070">
    <p class='ocr_par' dir='ltr' id='par_1_15' title="bbox 1972 3046 1987 3070">
     <span class='ocr_line' id='line_1_40' title="bbox 1972 3046 1987 3070; baseline 0 0"><span class='ocrx_word' id='word_1_324' title='bbox 1972 3046 1987 3070; x_wconf 84' lang='grc' dir='ltr'>Ι</span> 
     </span>
    </p>
   </div>
  </div>
 </body>
</html>
