2040 3646
164 313 390 373 Phaedon.
420 329 462 374 p.
486 312 587 358 20².
608 314 757 357 annot.
774 311 885 358 Add.
914 312 955 356 D
969 326 994 355 ο
1008 311 1185 361 edel-,li
1199 326 1269 358 nu
1282 326 1302 356 s
1324 311 1377 356 ad
1398 313 1608 370 sophocl.
1629 312 1738 358 Oed.
1757 314 1853 359 Col.

188 379 194 383 ”
499 407 544 450 p.
567 389 667 434 234.
683 395 769 434 vet.
789 391 1026 435 lectionem
1057 392 1158 442 πῶς
1180 406 1235 447 με
1252 388 1454 436 θάπτειν
1477 392 1669 435 defendit
1689 392 1778 446 sic,
1804 398 1855 437 ut

504 469 660 512 doceat
677 468 946 512 infinitivum
967 468 1102 513 etiam
1124 469 1172 511 in
1195 468 1542 524 interrogatione
1564 470 1706 513 solere
1726 484 1858 513 usur-

504 546 615 603 pari.
643 561 685 590 v.
707 547 822 590 Lob
839 547 950 588 eck.
981 547 1036 589 ad
1053 547 1296 603 Phrynich.
1324 563 1366 602 p.
1390 546 1488 590 772.
1548 547 1634 590 Sed
1654 547 1731 589 hic
1752 562 1858 592 usus

503 623 715 680 quoniam
749 623 924 666 nonnisi
954 623 1021 667 ibi
1058 624 1207 667 locum
1238 624 1398 676 habet,
1447 624 1527 666 ubi
1565 625 1661 679 quis
1693 639 1858 681 magna

507 715 609 743 cum
628 702 766 744 animi
786 703 1082 744 commotione
1103 692 1301 757 loquitur
1326 705 1402 744 aut
1421 702 1603 756 loquens
1622 701 1858 756 inducitur,

517 781 575 822 ab
609 780 696 823 hoc
734 789 852 823 certe
877 781 977 822 loco
1012 781 1184 823 alienus
1211 785 1304 832 est,
1340 779 1662 835 tenendumque
1691 779 1861 823 iudica-

509 870 608 914 mus
648 858 975 901 coniunctivum
1015 873 1133 901 nunc
1175 859 1233 903 ab
1277 857 1454 916 optimis
1495 857 1618 901 codd.
1656 857 1861 915 suppedi-

418 926 436 934 ”
510 937 665 979 tatum.

178 1007 378 1067 Sympos⁴
408 1011 601 1057 Praefat.
625 1029 667 1070 p.
692 1012 762 1057 14.
780 1029 819 1058 v.
844 1013 915 1056 19.
936 1014 1028 1070 leg.
1057 1013 1276 1057 imitati
1290 1027 1355 1056 on
1369 1027 1462 1057 em.

234 1109 293 1122 -
399 1105 444 1147 p.
468 1090 566 1135 146.
599 1095 745 1134 annot.
777 1106 903 1148 exeg.
931 1107 971 1135 v.
991 1092 1061 1134 10.
1094 1092 1186 1149 leg.
1231 1091 1370 1146 quid
1399 1091 1479 1133 sit
1517 1090 1659 1145 quod
1687 1093 1859 1139 antea

517 1168 743 1212 dixerat
771 1170 848 1224 (ut
868 1169 916 1211 in
936 1169 1138 1225 pluribus
1156 1168 1478 1224 exemplaribus
1498 1168 1660 1210 rectius
1684 1183 1860 1225 expres-

515 1260 614 1291 sum
636 1251 702 1291 est
729 1261 833 1304 pro:
865 1247 972 1305 quid
999 1251 1149 1294 essct
1177 1247 1293 1304 quod
1321 1250 1451 1296 antea
1479 1245 1770 1305 dixisset).

2034 523 2040 540 -
2033 431 2040 492 -.4.
2031 311 2040 418 .A-.-—*.
