2040 3646
825 171 1065 228 CRITO.

1695 176 1799 233 139

122 331 232 390 σω,
268 313 344 388 ὡς
369 310 714 392 ἆρεσκούσης
735 321 828 370 σοι
848 315 948 391 τῆς
968 309 1194 383 πόλεως.
1238 308 1313 371 ἔτι
1344 307 1534 371 τοίνυν
1569 307 1627 370 ἐν
1651 306 1797 387 αυτῇ

120 408 190 479 τῇ
213 402 338 477 δίκῃ
370 399 497 478 ἐξῆν
535 412 627 457 σοι
659 402 844 476 φυγῆς
878 395 1246 475 τιμήσασθαι,
1299 397 1348 454 εἰ
1378 394 1648 472 ἐβο1λου,
1701 396 1796 454 καὶ

125 485 262 564 ὅπερ
285 490 391 546 νῦν
414 482 663 561 ακούσης
683 486 788 559 τῆς
811 479 1022 553 πόλεως
1046 480 1350 556 ἐπιχειρεῖς,
1402 479 1520 539 τότε
1554 475 1794 584 {aepvoqg

122 577 367 651 ποιῆσαι.
423 565 499 628 σύ
534 569 593 626 δὲ
629 564 748 624 τότε
785 566 882 642 μὲν
915 565 1288 636 ἐκαλλωπίζου
1336 561 1411 636 ὡς
1443 562 1552 623 οὐκ
1579 561 1795 643 ἀγαυοί-

122 661 281 727 κιών,
324 656 372 713 εἰ
392 654 510 712 δέοι
530 650 787 710 τεθνάναι
814 665 902 724 σε,
945 648 1063 708 ἄλλ’
1085 647 1250 725 ἡροῦ,
1293 672 1368 719 ως
1389 650 1639 727 ἔφησθα,
1682 646 1794 726 πρὸ

122 745 225 819 τῆς
252 743 467 839 φυγῆς
463 735 726 795 θάνατον·
767 740 876 794 νῦν
906 736 965 794 δε
1005 731 1122 793 οὔτ’
1134 733 1388 804 ἐκείνους
1421 730 1555 805 τοὺς
1588 731 1795 812 λόγους

123 822 371 901 αἰσχύνει
393 818 520 881 οὔτε
540 818 696 899 ἡμῶν
720 842 828 878 των
849 819 1032 894 νόμων
1055 818 1314 894 ἐντρέπει,
1368 817 1646 894 ἐπιχειρῶν
1672 822 1795 876 δια-

121 915 370 987 φθεῖραι,
411 903 661 982 πράττεις
679 925 733 962 τε
749 899 886 981 ἅπερ
911 900 978 963 ἂν
1001 907 1143 962 ὅου)
1145 925 1207 973 ος
1228 899 1260 959 ὃ
1282 900 1630 979 φαυλότατος
1652 902 1796 980 πρά-
1836 910 1895 965 D

119 992 282 1065 ξειεν,
339 986 762 1066 ἀποδιδράσκειν
797 989 1076 1065 ἐπιχειρῶν
1110 983 1261 1062 παρὰ
1293 1008 1390 1058 τας
1428 983 1711 1064 ξυνθήκας
1741 1009 1817 1074 υς

118 1073 331 1150 καὶτὰς
355 1073 647 1153 ὁμολογίας
661 1116 676 1147 ,
716 1071 847 1133 καθ’
871 1070 937 1147 ἃς
967 1070 1098 1155 ἡιιῖν
1118 1069 1366 1144 ξυνέθου
1385 1069 1794 1131 πολιτεύεσθαι.

178 1284 344 1334 δοῦλος
374 1278 400 1328 ὁ
433 1279 757 1339 φαυλότατος]
802 1281 938 1325 Codd.
973 1276 1179 1324 meliores
1212 1280 1305 1322 fere
1337 1293 1486 1322 omnes
1513 1275 1796 1323 articulum
1771 1296 1796 1323 o

119 1342 351 1394 omittunt,
387 1343 602 1396 probante
627 1342 908 1383 Buttmanno.
970 1340 1058 1383 Sed
1086 1338 1246 1380 melius
1276 1342 1475 1380 servatur
1485 1369 1499 1390 ,
1535 1338 1623 1380 hoc
1644 1351 1797 1381 sensu.

118 1414 260 1455 quae
295 1398 517 1441 fecerit
545 1410 747 1439 servus
775 1397 939 1452 isque
967 1395 1379 1462 nequissimus.

176 1454 379 1509 ξυνέθον
399 1451 746 1510 πολιτεύεσθαι]
778 1454 891 1496 Vett.
911 1454 1032 1496 editt.
1054 1449 1426 1510 πολιτεύσεσθαι,
1453 1453 1505 1495 ut
1516 1451 1667 1508 paullo
1686 1452 1801 1508 post,

115 1513 195 1558 sed
218 1518 371 1557 contra
389 1512 592 1556 codicum
618 1511 855 1554 meliorum
870 1511 1017 1556 fidem.

114 1662 263 1705 dicum
285 1661 545 1715 lectionem,
591 1664 643 1705 ut
663 1676 775 1718 quae
795 1661 926 1705 unice

113 1720 358 1763 sententiae
368 1718 702 1763 accommodata
712 1720 782 1762 sit.
811 1720 926 1762 Nam

114 1778 231 1831 quod
265 1778 394 1844 apud
431 1778 710 1819 Herodotum
749 1777 926 1819 additur

115 1832 196 1876 καὶ
218 1829 283 1888 μὴ
307 1830 682 1890 αποστήσεσθαι,
719 1833 766 1875 id
794 1833 924 1876 facile

113 1889 308 1946 intelligi
330 1896 472 1945 potest
494 1906 582 1933 non
603 1905 703 1933 eam
723 1890 814 1932 vim
842 1891 924 1933 ha-

113 1948 242 2003 bere,
271 1952 322 1989 ut
343 1947 478 1991 etiam
500 1946 706 2003 ἐμμενεῖν
728 1948 927 1989 scriben-

114 2004 221 2045 dum
250 2004 506 2046 iudicemus.
564 2004 739 2059 Quippe
771 2018 922 2046 sensus

115 2063 356 2103 verborum
371 2061 446 2102 hic
459 2065 547 2103 est:
579 2077 602 2102 c
615 2076 640 2103 ο
652 2076 679 2101 ιι
692 2063 711 2101 t·
721 2060 736 2102 i
747 2074 821 2101 rm
833 2074 861 2102 a
872 2075 923 2102 n·-

116 2123 198 2159 tes
241 2132 298 2159 se
343 2123 395 2159 et
435 2132 578 2159 nunc
620 2117 922 2173 promissis

115 2180 271 2218 stare
312 2175 492 2228 velle,
546 2189 645 2216 nec
674 2188 924 2228 unquam

113 2236 344 2288 postero
372 2236 632 2287 tempore
659 2231 767 2272 illa
795 2231 924 2272 vio-

114 2289 308 2331 laturo
321 2304 340 2331 s
369 2303 425 2331 es
438 2302 507 2331 se.
538 2312 564 2321 -
593 2287 799 2330 Proxima
818 2302 920 2329 ver-

113 2347 198 2389 ba:
256 2361 323 2388 τοι
361 2361 418 2389 τε
459 2339 602 2388 ἄλλα
640 2343 741 2388 καὶ
782 2347 921 2387 παῖ-

116 2403 220 2452 δας
251 2400 309 2447 ἐν
338 2397 495 2470 αὐτῇ
517 2399 789 2458 ἐποιήσω,
841 2402 920 2444 ad-

114 2459 207 2502 dita
229 2464 343 2512 sunt,
371 2460 499 2516 quasi
521 2459 826 2526 praecessisset
845 2457 924 2502 καὶ

117 2514 404 2571 ἐπολιτεύου,
432 2518 479 2559 h.
507 2531 545 2559 e.
574 2521 627 2558 et
654 2531 678 2558 c
693 2516 838 2558 ivem
868 2520 923 2558 te

117 2575 358 2641 gerebas
402 2579 513 2617 tum
552 2573 700 2616 aliis
743 2573 924 2615 ratio-

115 2631 309 2683 nibus,
367 2635 483 2673 tum
521 2644 587 2672 eo
626 2630 773 2686 quod
814 2633 921 2682 etc.;

116 2687 364 2730 cuiusmodi
397 2687 608 2730 orationis
634 2702 714 2729 con
721 2686 923 2729 foxmatio

115 2744 337 2788 neminem
357 2744 571 2796 offendet,
611 2745 687 2799 qui
710 2744 926 2785 memine-

115 2802 176 2844 rit
198 2801 320 2843 iuius
339 2800 571 2852 libertatis,
602 2815 691 2855 qua
706 2801 775 2842 usi
787 2802 928 2842 Grae-

116 2858 160 2901 ci
182 2872 494 2914 saepenumero
516 2858 660 2913 magis
692 2857 928 2900 sententia-

114 2930 218 2958 rum
260 2929 393 2969 quam
434 2915 673 2957 verborum
709 2914 928 2958 rationem

112 2971 288 3014 habuer
292 2976 387 3016 unt.

174 3026 281 3084 ἐξῆν
310 3042 384 3072 σοι
421 3027 572 3083 φυγῆς
606 3024 923 3095 τιμήσασθαι]

115 3085 336 3130 Nimirum
382 3099 519 3139 quum
557 3084 725 3127 iudices
758 3085 924 3141 primas

114 3143 351 3186 sententias
373 3142 426 3184 de
446 3156 498 3183 eo
524 3141 738 3184 tulissent.
795 3142 923 3193 Nam,

114 3203 166 3241 ut
188 3200 245 3241 ad
264 3200 450 3255 Apolog.
476 3198 645 3241 Socrat.
671 3212 768 3253 cap.
788 3199 922 3240 XXV.

115 3256 415 3308 narravimus,
446 3261 570 3298 actor
589 3254 814 3298 addebat
800 3269 847 3296 ιιι
866 3254 924 3296 li-

113 3313 237 3354 bello
259 3312 607 3355 aestimationem
626 3312 733 3364 litis,
758 3311 806 3353 ιιί
819 3325 924 3366 poe-

116 3382 176 3410 na
201 3368 292 3410 iam
319 3368 498 3424 legibus
526 3370 762 3412 constituta
784 3372 921 3410 esset.

117 3425 206 3469 hoe
228 3425 460 3469 dicebatur
476 3425 642 3483 τιμᾶν,
681 3425 799 3481 quod
826 3438 927 3469 ver·

989 1662 1100 1704 bum
1135 1660 1331 1705 datIvnm
1360 1674 1573 1717 personae
1607 1665 1652 1710 et
1675 1639 1801 1718 geni-

988 1719 1131 1761 tivum
1152 1733 1319 1776 poenae
1345 1719 1600 1761 adiunctum
1632 1719 1801 1760 habere

991 1777 1116 1818 solet.
1175 1777 1318 1818 Causa
1342 1776 1542 1832 cognita,
1574 1789 1709 1830 quum
1731 1774 1801 1815 iu-

989 1833 1107 1874 dices
1138 1847 1266 1875 reum
1292 1833 1446 1888 primis
1472 1831 1698 1874 sententiis
1723 1832 1801 1874 da-

988 1895 1234 1941 mnassent,
1290 1904 1394 1931 reus
1424 1889 1801 1944 interrogabatur,

988 1959 1124 2001 quam
1169 1959 1369 2017 poenam
1401 1946 1713 1988 commeruisse
1751 1959 1798 1987 se

985 2005 1220 2046 fateretur.
1271 2003 1319 2046 τί
1350 2000 1480 2055 ἄξιος
1517 2003 1587 2056 εἴη
1623 2004 1800 2045 παθεῖν

987 2055 1016 2115 ἢ
1051 2056 1282 2104 ἀποτῖσαι.
1340 2061 1441 2102 Hoc
1472 2059 1702 2102 dicebatur
1730 2075 1799 2102 τι-

987 2115 1229 2173 μήσασθαι
1267 2118 1340 2159 vel
1387 2111 1797 2171 ἄντιτιμήσασθαι,

986 2175 1174 2243 Apolog.
1200 2175 1324 2216 Socr.
1347 2189 1391 2229 p.
1405 2172 1476 2215 36.
1503 2173 1554 2215 Β.
1576 2188 1616 2228 p.
1641 2173 1710 2215 37.
1726 2174 1795 2225 Β.,

985 2232 1058 2272 vel
1078 2227 1482 2287 1ιποτιμήσασθαι,
1524 2233 1574 2270 ut
1601 2229 1648 2271 in
1679 2231 1798 2285 Apo-

983 2287 1077 2344 log.
1134 2287 1256 2331 Socr.
1318 2287 1637 2341 Xenophontea
1698 2301 1796 2342 cap.

984 2345 1362 2400 xxl11.1taque
1382 2344 1584 2386 Socrates
1608 2343 1798 2386 interro-

987 2406 1115 2458 gatus
1167 2402 1431 2467 respondere
1497 2405 1670 2455 poterat
1746 2415 1795 2444 se

989 2459 1304 2502 commeruisse
1326 2456 1544 2500 exsilium.
1604 2482 1630 2490 -
1687 2461 1794 2501 καλ-

988 2517 1269 2568 λωπίζεσθαι
1286 2547 1299 2568 ,
1345 2515 1585 2581 interprete
1609 2516 1796 2571 Hesy-

990 2573 1146 2626 chio‚
1194 2578 1259 2615 est
1285 2570 1462 2627 proprie
1495 2574 1796 2627 κοσμεῖσθαι,

988 2644 1054 2674 se
1084 2643 1394 2681 comere,
1431 2642 1487 2671 se
1516 2643 1793 2672 ornare.

987 2687 1103 2729 unde
1152 2686 1523 2752 καλλωπίστρια,
1582 2700 1609 2728 o
1631 2701 1655 2728 r
1677 2701 1706 2728 n
1725 2700 1752 2728 a
1771 2710 1797 2719 -

988 2745 1122 2788 trix.
1180 2744 1485 2799 Metaphonce
1535 2748 1686 2786 autem
1729 2746 1796 2786 est

991 2815 1141 2844 more
1169 2802 1459 2844 hominum
1486 2805 1795 2844 comtorum

993 2862 1052 2900 et
1100 2859 1487 2901 delicatorum
1538 2872 1558 2899 s
1585 2872 1615 2899 u
1636 2873 1663 2912 p
1685 2872 1709 2899 e
1731 2873 1754 2899 r
1772 2883 1796 2891 -

992 2915 1145 2968 bire,
1176 2931 1234 2958 se
1263 2915 1494 2965 efferre,
1525 2929 1583 2957 se
1611 2914 1795 2958 iacta-

990 2986 1074 3040 re,
1102 2980 1153 3016 ut
1171 2975 1218 3015 h.
1238 2973 1268 3015 l.
1292 2973 1522 3027 Protagor.
1549 2987 1589 3026 p.
1614 2970 1711 3013 333.
1738 2974 1794 3016 l).

992 3025 1045 3072 τὸ
1072 3045 1155 3098 μεν
1182 3023 1265 3074 οὖν
1296 3029 1481 3096 πρῶτον
1506 3026 1796 3081 ἐκαλλωπίζε-

991 3101 1045 3129 το
1070 3081 1179 3141 ἡμῖν
1200 3083 1224 3130 ὁ
1248 3081 1607 3153 Πρωταγόρας-
1639 3083 1796 3129 ἔπειτα

988 3141 1145 3199 μέντοι
1195 3139 1502 3210 ξυνεχώρησεν
1550 3136 1798 3200 αποκρίνε-

989 3202 1119 3244 σθαι.
1163 3225 1192 3234 -
1227 3202 1296 3242 De
1316 3199 1532 3242 infinitivo
1554 3195 1798 3252 τεθνᾶναι,

987 3271 1067 3312 pro
1094 3271 1181 3312 quo
1209 3262 1432 3313 exspectes
1466 3253 1714 3310 θνήσκειν,
1755 3271 1799 3300 v,

987 3314 1044 3356 ad
1084 3315 1271 3372 Apolog.
1318 3312 1489 3358 Socrat
1533 3326 1627 3370 cap.
1662 3314 1739 3358 XV
1740 3314 1801 3358 11.

986 3374 1099 3415 extr.
