2040 3646
256 173 346 220 xn

256 315 448 360 multum
465 314 607 360 valuit
630 315 686 358 ad
713 313 969 371 aequalium
995 315 1141 361 studia
1170 311 1399 360 excitanda
1428 319 1474 360 et
1513 317 1852 373 commovenda,
1879 318 1946 364 ita

253 401 451 445 maxima
473 401 557 445 fuit
582 400 759 444 virtutis
772 432 786 453 ‚
815 391 939 444 cuius
958 401 1084 456 quasi
1106 403 1329 458 exemplar
1351 402 1570 458 quoddam
1593 402 1639 446 iu
1661 418 1714 446 eo
1733 405 1944 447 cerneba-

255 489 354 540 tur,
382 486 583 530 efficacia
603 487 659 529 ad
676 485 910 528 hominum
933 485 1117 532 animos.
1175 487 1290 532 Nam
1319 501 1372 530 ea
1399 492 1495 531 erat
1516 471 1604 530 viri
1623 489 1843 544 probitas,
1872 489 1942 531 in-

252 571 484 624 nocentia,
514 571 750 624 sanctitas,
780 575 829 614 ut
852 571 1056 614 omnibus
1071 604 1084 624 ‚
1118 586 1306 627 quorum
1331 572 1471 615 animi
1490 586 1577 616 non
1601 578 1745 616 essent
1767 573 1944 630 praeiu-

252 656 409 699 dicatis
426 656 706 712 opinionibus
722 656 942 712 occupati,
970 655 1150 700 deberet
1169 671 1394 713 apparere,
1422 662 1634 713 quantum
1659 658 1754 701 eius
1770 658 1944 714 sapien·

251 740 316 784 tia
339 746 569 798 superaret
589 741 799 789 virtutem
817 741 1136 798 sophistarum,
1167 742 1244 798 qui
1265 742 1416 786 omnia
1446 744 1502 786 ad
1519 743 1697 786 inanem
1720 743 1942 799 quandam

248 827 500 870 referebant
529 826 771 883 sapientiae
796 827 988 883 speciem
1019 831 1063 871 et
1097 827 1193 870 sola
1221 828 1423 871 lucrandi
1448 827 1686 884 cupiditate
1717 828 1837 870 ducti
1862 828 1941 870 do-

248 912 379 955 cendi
396 917 539 955 artem
553 912 887 969 profitebantur.
944 913 1100 968 Itaque
1113 912 1254 959 facile.
1265 917 1408 969 potest
1432 913 1676 956 existimari
1696 913 1830 956 huius
1851 912 1940 956 viri

246 1011 422 1041 summa
439 997 730 1053 admiratione
759 1002 802 1040 et
822 997 966 1041 studio
986 997 1311 1040 inflammatum
1334 1013 1430 1041 esse
1452 1013 1720 1056 generosum
1736 999 1937 1042 Platonis

245 1082 471 1137 animum,
529 1082 608 1140 qui
643 1097 779 1138 quum
815 1096 1083 1140 magnarum
1109 1083 1471 1139 excelsarumque
1498 1098 1650 1126 rerum
1678 1082 1939 1140 cogitationi

245 1182 420 1225 semper
441 1168 601 1211 infixus
612 1172 725 1211 esset
746 1172 790 1211 et
803 1172 988 1211 naturae
1008 1168 1224 1211 beneficio
1243 1168 1431 1224 polleret
1450 1168 1668 1213 acerrimo
1688 1168 1785 1212 veri
1804 1168 1936 1228 boni-

243 1268 332 1310 que
359 1268 516 1307 sensu,
544 1268 633 1296 non
662 1257 832 1309 poterat
858 1268 945 1296 non
977 1253 1138 1296 sentire
1162 1257 1258 1296 tum
1286 1253 1538 1310 doctrinae,
1568 1268 1702 1310 quam
1730 1253 1938 1297 Socrates

238 1340 472 1392 tradebat,
498 1338 729 1382 veritatem
757 1342 888 1394 atque
917 1337 1202 1395 dignitatem,
1240 1343 1337 1382 tum
1370 1339 1581 1393 rationis,
1620 1354 1754 1395 quam
1779 1339 1860 1382 ille
1886 1338 1935 1383 in

241 1425 438 1468 docendo
466 1425 762 1480 sequebatur,
803 1424 895 1467 vim
924 1428 968 1467 et
1003 1423 1247 1467 efficaciam
1277 1425 1334 1468 ad
1370 1425 1674 1482 coarguendos
1700 1410 1934 1468 hominum

240 1524 414 1553 errores
442 1514 487 1554 et
514 1509 823 1554 inveniendam
849 1509 1051 1553 veritatis
1081 1509 1311 1553 rationem.
1387 1510 1543 1565 Itaque
1577 1510 1831 1554 adolescens
1866 1511 1936 1553 to—'·

238 1599 337 1639 tum
357 1610 405 1638 se
429 1595 601 1639 Socrati
624 1595 814 1649 dedalit,
841 1609 1032 1651 eumque
1061 1610 1149 1638 non
1179 1596 1323 1638 solum
1357 1594 1438 1637 illo
1467 1600 1689 1651 tempore,
1718 1610 1806 1652 quo
1837 1595 1935 1639 eius

237 1680 475 1737 disciplina
501 1683 736 1735 utebatur,
766 1681 843 1728 sed
870 1681 1004 1724 etiam
1030 1685 1185 1737 postea
1212 1685 1333 1723 tanta
1361 1679 1500 1723 coluit
1528 1680 1718 1738 pietate,
1755 1685 1806 1725 ut
1843 1695 1933 1725 non

237 1767 385 1812 solum
418 1765 468 1809 in
500 1765 676 1822 scriptis
716 1766 808 1809 suis
838 1765 1072 1810 retinuerit
1104 1766 1380 1809 Socraticam
1420 1766 1663 1808 disserendi
1701 1766 1932 1819 rationem,

236 1865 495 1909 quanquam
525 1865 628 1900 eam
648 1851 833 1908 perfecit
862 1850 1009 1908 magis
1035 1855 1080 1894 et
1111 1849 1239 1907 quasi
1277 1851 1334 1894 ad
1357 1850 1466 1895 artis
1490 1865 1694 1894 normam
1723 1851 1930 1909 excoluit,

235 1951 396 1982 verum
418 1936 555 1982 etiam
578 1901 844 2013 Ξοιρεῐοιη·
830 1951 977 1993 1psum
1001 1941 1214 1993 tanquam
1237 1937 1421 1993 perfecti
1454 1936 1664 1992 sapientis
1686 1935 1931 1994 imaginem

234 2022 286 2067 in
315 2022 596 2066 sermonibus
629 2021 720 2065 suis
752 2022 1045 2065 introduxerit
1076 2026 1209 2078 atque
1248 2021 1467 2064 dicentem
1496 2021 1651 2064 fecerit
1686 2035 1760 2074 ea,
1817 2035 1931 2078 quae

233 2107 331 2165 ipse
369 2107 518 2152 divino
544 2106 727 2164 ingenio
759 2121 841 2151 suo
880 2107 1186 2165 excogitasset.
1263 2106 1333 2151 De
1371 2120 1460 2163 qua
1487 2120 1539 2150 re
1572 2106 1704 2164 plura
1729 2106 1931 2151 dicentur

229 2197 402 2256 postea.

242 2257 247 2260 ἑ
404 2280 582 2335 Quanto
610 2282 761 2322 autem
784 2277 930 2322 studio
955 2274 1268 2334 philosophiae
1287 2280 1394 2320 tune
1420 2291 1600 2334 operam
1629 2276 1821 2331 dederit,
1859 2278 1929 2322 fa-

234 2363 322 2409 cile
339 2358 495 2408 exinde
521 2363 679 2421 colligi
703 2367 868 2420 potest,
898 2364 1016 2419 quod
1035 2349 1115 2406 mo
1138 2367 1358 2418 tempore,
1395 2376 1483 2417 quo
1501 2346 1710 2405 utebatur
1727 2360 1928 2407 'Socratis

231 2449 541 2494 familiaritate
568 2452 613 2492 et
634 2447 970 2501 consuetudine,
1001 2447 1216 2503 plurimos
1239 2447 1486 2502 composuit
1501 2445 1702 2503 dialogos
1716 2479 1730 2500 ‚
1758 2446 1806 2490 in
1827 2447 1926 2504 qui-

232 2535 318 2588 bus
347 2550 437 2579 non
465 2535 612 2579 solum
646 2533 919 2576 Socraticam
943 2532 1141 2575 imitatus
1174 2535 1241 2574 est
1278 2531 1519 2574 disserendi
1555 2531 1798 2586 rationem,
1847 2534 1925 2576 sed

231 2620 371 2669 etiam
395 2620 596 2678 singulos
617 2618 833 2675 quosdam
862 2617 1090 2660 doctrinae
1118 2617 1238 2659 locos
1260 2630 1385 2659 more
1407 2616 1633 2660 Socratico
1665 2618 1864 2674 exposuit
1869 2620 1924 2675 ).

233 2707 440 2762 Quorum
459 2705 682 2748 librorum
701 2707 838 2760 quum
856 2717 945 2746 non
965 2687 1098 2759 pauci
1119 2701 1176 2746 ad
1205 2706 1402 2745 nostram
1431 2701 1677 2745 conservati
1711 2702 1799 2746 sint
1830 2717 1925 2746 me-

230 2791 452 2852 moriam,
483 2791 539 2833 de
560 2790 722 2846 quibus
737 2789 909 2832 dicetur
930 2788 1069 2841 infra,
1096 2791 1192 2831 tum
1222 2787 1354 2829 multi
1382 2787 1517 2830 etiam
1549 2786 1826 2831 intercidisse
1856 2788 1925 2831 vi-

233 2876 409 2920 dentur.
467 2874 665 2919 Maxime
684 2877 835 2917 autem
849 2873 944 2917 eius
960 2873 1154 2917 studium
1173 2872 1394 2916 scribendi
1415 2857 1653 2916 excitatum
1675 2876 1756 2926 est,
1786 2886 1923 2928 quum

232 2961 414 3006 nefariis
451 2960 624 3004 artibus
652 2958 905 3004 hominum-
919 2956 1352 3015 improbissimorum
1383 2958 1592 3001 effectum
1622 2957 1816 3010 videret,
1872 2960 1925 3000 ut

231 3046 440 3095 Socrates
468 3059 557 3089 non
583 3046 730 3090 solum
750 3044 989 3103 impietatis
1013 3047 1295 3089 accusaretur
1309 3074 1324 3098 ,
1361 3043 1440 3087 sed
1469 3043 1605 3088 etiam
1636 3041 1923 3087 iniustissima

290 3333 688 3447 Ἷνὶὶῡῦἱθίςοιι.
716 3334 908 3405 Ιιψι.
937 3334 1021 3381 111.
1049 3331 1121 3381 35.
1149 3331 1221 3380 38.
1272 3330 1656 3392 Olympiodor.
1686 3329 1773 3376 vit.
1800 3328 1917 3376 Plat.
