2040 3646
808 136 1117 189 PHAEDO.

1730 141 1800 196 65

128 274 358 336 νεύουσι
379 277 472 334 καὶ
497 276 548 335 οἱ
571 272 669 347 τοὶς
690 271 955 347 τελετὰς
920 280 1052 354 ημῖν
1073 262 1233 334 οὗτοι
1254 272 1686 353 καταστήσαντες
1721 271 1798 334 οὐ

126 361 343 437 φαῦλοί
359 382 499 433 τινες
520 356 683 430 εἶναι,
727 356 866 418 ἄλλα
889 365 969 442 τῷ
991 355 1108 418 ὄντι
1135 357 1304 418 πάλαι
1326 354 1746 431 ι;ιίνίττεσθαι,“ν
1712 381 1798 418 οτι

126 442 190 517 ὃς
212 441 280 504 ‹321›
302 443 416 520 οἷμύ
419 468 547 524 ητος
568 446 662 503 καὶ
684 418 964 516 ἀτέλεστος
987 445 1065 517 εἷς
1075 440 1271 503 ’Ἅιδου
1297 439 1560 523 α’φίκηται
1584 443 1796 520 &1309-

120 529 274 612 βόρω
298 530 556 602 κείσεται,
613 527 645 588 6
671 529 730 590 δὲ
766 528 1174 605 κεκαθαρμένος
1212 550 1268 588 τε
1300 527 1392 585 καὶ
1427 527 1797 605 τετελεσμένος

121 589 346 672 ἐκεῖσε’
311 613 646 691 αφικόμενος
666 634 796 689 μετα
815 619 965 673 θεῶν
987 612 1211 692 οἰκήσει.
1267 611 1372 669 εἰσὶ
1394 609 1498 690 γὰρ
1521 610 1592 691 δη
1608 656 1624 685 ,
1678 632 1795 690 φα-

120 699 211 758 σὶν
260 699 316 757 οὶ
352 699 476 776 περὶ
508 721 607 771 τας
646 697 884 771 τελετάς,
969 693 1391 778 ναρθηκοφόροι
1439 697 1538 772 μὲν
1581 698 1797 821 πολλοί,

174 877 254 922 καὶ
275 873 653 922 κινδυνεύουσι·
682 893 813 922 ουτοι
846 893 928 922 κα·

117 931 451 1002 ταστῃσαντες]
482 935 534 977 1η
575 934 647 976 his
691 950 822 978 ουτοι
860 939 929 978 est

56 1025 78 1046 s
119 989 244 1034 noti
283 990 410 1042 illi,
470 991 763 1034 celebrati
808 991 922 1034 illi.

117 1049 296 1091 Menon.
319 1064 361 1104 p.
385 1027 454 1090 8'0.
476 1049 529 1091 A.
565 1047 645 1092 καὶ
671 1049 821 1099 δοκεῖς
840 1065 923 1117 μοι

115 1106 395 1156 παντελῶς-
425 1099 700 1179 ὁμοιότατος
723 1103 841 1150 εἶναι
866 1102 920 1151 τό

116 1177 166 1205 τε
209 1159 331 1213 εἶδος
373 1161 452 1205 καὶ
495 1158 637 1206 τᾶλλα
674 1160 822 1220 ταύτῃ
863 1164 922 1235 τῇ

117 1220 311 1279 πλατείᾳ
357 1218 505 1278 νάρκῃ
559 1220 616 1278 τῇ
675 1220 921 1291 θαλαττίᾳ.

116 1264 364 1345 Xenoiih.
388 1278 528 1320 Anab.
551 1276 588 1319 I.
609 1274 651 1329 5,
674 1276 715 1319 8.
746 1264 924 1332 ἔχοντες

114 1331 313 1384 τούτους
347 1349 396 1378 τε
419 1331 530 1385 τοὺς
561 1336 820 1384 πολυτελεῖς
854 1350 921 1390 χι·-

116 1391 266 1441 τῶνας
298 1387 484 1440 καὶτὰς
511 1392 720 1441 ποικίλας
753 1391 921 1444 ἀναξυ-

119 1448 265 1516 ρίδας.
294 1448 434 1493 ubiv.
460 1447 723 1491 Zeunius.
748 1449 813 1491 Cf.
836 1449 922 1492 Le·-

116 1505 201 1548 xic.
218 1505 494 1567 Xenophont.
517 1506 596 1548 III.
618 1520 659 1561 p.
680 1504 777 1548 366.

175 1613 288 1662 ἀλλὰ
319 1635 383 1676 τῳ
417 1635 519 1663 οντι
550 1633 597 1661 π.
632 1618 722 1661 αἱν.
754 1613 827 1662 ότι
859 1617 917 1674 -]

116 1675 278 1719 Narrat
327 1662 776 1748 olympiodorus
809 1677 918 1718 ista:

117 1730 167 1776 ἐν
175 1730 387 1791 βορβόρῳ
403 1733 638 1777 κείσεσθαι
649 1747 758 1781 τους
773 1726 920 1788 άμυή-

116 1805 240 1842 τους,
270 1795 414 1833 sumta
429 1805 523 1833 esse
546 1804 597 1831 ex
615 1786 804 1831 formula
824 1803 920 1831 car-

117 1847 249 1889 minis
271 1847 472 1903 mystici,
509 1847 634 1889 cuius
653 1851 805 1888 auctor
839 1847 922 1888 ha-

118 1905 308 1946 bebatur
339 1903 555 1958 Orpheus.
596 1902 919 1958 v.F1·g‚arment.

120 1960 260 2016 Orph.
290 1973 344 2058 pv
363 1959 460 2002 509.
489 1961 644 2001 Herm.
683 1918 847 2028 Hymn.
878 1959 926 2001 in

121 2017 268 2059 Ceret.
389 2013 487 2058 485.
541 2011 696 2084 ὄλβιος
733 2013 787 2066 ὃς
823 2010 924 2059 τάδ’

118 2072 305 2117 όπωπεν
316 2031 605 2143 ἐπιχθονίων
631 2068 911 2142 ἀνθρώπων·

121 2125 172 2180 ὃς
194 2125 232 2174 6'
254 2124 449 2197 άτελὴς’
437 2145 608 2201 ιερων,
648 2125 700 2179 (ίς
720 2124 760 2172 τ’
784 2125 930 2184 ἅμμο-

123 2203 232 2258 ρος,
264 2181 434 2230 οὔποθ’
460 2186 634 2256 ὁμοίων
656 2184 792 2230 αἶσαν
825 2185 929 2242 ἔχει,

120 2225 348 2301 φθίμενός
368 2258 452 2301 περ
471 2260 563 2288 vno
585 2238 712 2301 ζόφῳ
739 2239 930 2300 εὐρώεν-

121 2318 181 2345 τι.
211 2301 376 2344 Plato
401 2301 455 2342 de
475 2303 586 2373 Bel).
607 2301 663 2343 II.
685 2317 726 2357 p.
747 2298 845 2368 3⁹63.
866 2301 921 2343 D.

30 2391 35 2394 <
119 2361 419 2409 Μουσαῖος-
441 2357 520 2402 καὶ
538 2375 562 2402 ο
592 2355 695 2407 υἱὸς
724 2352 872 2402 αὐτοῦ
894 2380 924 2390 -

118 2412 228 2466 τοὺς
261 2412 478 2467 ἀνοσίους
502 2414 582 2459 καὶ
627 2410 816 2466 ἀδίκους
860 2414 925 2464 εἰς

109 2469 269 2544 πηλόν
317 2488 423 2517 τινα
463 2470 825 2542 κατορύττουσιν
874 2468 924 2516 ἐν

109 2525 287 2586 Ἅιδου,
344 2531 425 2573 ubi
463 2537 576 2586 quae
614 2531 819 2586 deinceps
855 2543 926 2572 se·-

119 2592 336 2643 quuntur,
385 2587 522 2642 digna
550 2592 651 2630 sunt
685 2602 797 2643 quae
822 2599 924 2629 cum

24 2685 31 2693 ,
119 2644 208 2687 hoc
228 2645 327 2687 loco
359 2646 650 2688 conferantur.
700 2643 766 2689 Pl
777 2659 803 2688 ο
818 2643 862 2687 ti
878 2653 922 2686 n.

118 2701 314 2744 Eunead.
340 2700 376 2743 1.
410 2701 512 2757 6.Ρ
485 2717 526 2757 Ρ.
547 2700 616 2745 55.
637 2702 689 2746 A.
731 2701 782 2746 αὶ
806 2703 924 2746 τελε·

113 2757 200 2802 ταὶ
229 2753 387 2826 ὀρθῶς
424 2758 722 2807 αἰνίττονται
737 2756 822 2804 τὸν
835 2753 922 2828 μὴ

117 2813 469 2872 κεκαθαρμένον
501 2816 580 2866 εἰς
598 2816 715 2884 (leg.
749 2814 816 2872 ἐν)
835 2810 927 2858 'Aa-

122 2872 208 2916 δον
237 2873 476 2916 κείσεσθαι
505 2870 567 2916 ἐν
575 2869 813 2945 βορβόρῳ,
852 2869 927 2917 ότι

121 2924 174 2972 τὸ
194 2925 258 2986 μὴ
282 2922 496 2985 καθαρὸν
513 2929 723 2989 βορβόρῳ
745 2927 824 2974 διὰ
845 2945 927 2973 κα·

121 2985 226 3029 κίαν
237 2987 387 3042 φίλον
415 2987 553 3030 Plura
562 2974 728 3031 dabunt
747 2989 929 3030 Meur-

125 3042 244 3085 sius
270 3043 466 3086 Eleusin.
497 3057 534 3086 c.
569 3044 724 3087 XVIII.
763 3046 927 3087 Isaa-

51 3090 58 3110 ¹
121 3112 225 3142 cus
253 3100 805 3145 Casa=1bon.Exercitt.
840 3102 930 3143 Ba-

124 3169 218 3198 ron.
255 3171 297 3212 Ρ.
321 3156 503 3211 390sqq
583 3157 842 3200 V.alcken
873 3153 931 3200 ad

118 3211 278 3268 Eurip.
309 3213 535 3269 Hippolyt.
571 3226 615 3254 v.
644 3212 715 3256 25.
776 3214 932 3271 wyt-

124 3270 411 3312 tenbach.
425 3271 480 3312 ad
509 3268 742 3313 Plutarchi
765 3270 928 3314 Moral-

125 3323 240 3368 T.1.
274 3341 315 3381 Ρ.
337 3325 680 3382 222=p.161.
713 3325 781 3370 ed.
808 3327 928 3384 ΙιὶΡί

123 3385 169 3424 ot
193 3380 240 3423 in
262 3390 544 3426 commentar.
565 3383 620 3427 ad
638 3383 734 3426 h.1.

203 3451 318 3498 Plat.
347 3452 459 3509 ΟΡΡ.
493 3452 592 3497 Vol.
615 3453 652 3499 1.
683 3449 878 3500 Sect.11.

1050 871 1269 945 εἰσὶγάρ
1285 868 1369 933 δη,
1408 890 1460 932 φ.
1501 872 1624 921 oin.
1657 890 1696 921 τ.
1720 862 1795 931 2-.J

993 932 1119 990 Oly
1138 948 1184 975 m
1203 949 1231 989 Ρ
1254 934 1271 976 i
1289 948 1316 976 o
1338 907 1536 976 d'orus.
1589 934 1800 1003 παρῳδεῖ

990 988 1099 1060 ξ’πος
1134 985 1404 1060 Ὀρφικὸν
1405 987 1458 1034 τὸ
1500 988 1685 1060 λέγον,
1720 985 1798 1036 otc

989 1043 1112 1099 ὅςτις
1139 1042 1179 1091 6'
1213 1044 1345 1103 ἡμῶν
1375 1040 1612 1097 ατέλεστος
1647 1063 1798 1118 ωςπερ

987 1102 1037 1149 ἐν
1060 1101 1324 1176 βορβόρῳ
1291 1104 1505 1148 κείσεται·
1532 1102 1684 1162 τελετὴ
1706 1103 1797 1164 γάρ

988 1158 1110 1207 ἐστιν
1129 1179 1157 1219 η
1178 1178 1271 1206 των
1295 1178 1325 1205 α
1358 1158 1472 1206 ετῶν
1485 1161 1686 1219 βακχεία·
1717 1160 1799 1208 καί

989 1232 1146 1276 φησιν·
1184 1159 1354 1264 πολλόὲ1
1377 1218 1462 1273 μὲν
1493 1217 1799 1288 ναρθηκοφό-

989 1291 1094 1333 ροι,
1124 1278 1301 1345 παῦροι
1320 1273 1372 1320 δέ
1401 1290 1450 1320 τε
1463 1270 1643 1345 βάκχοι·
1684 1293 1799 1336 ναρ-

985 1309 1322 1404 θηκοφόρους,
1374 1347 1432 1376 ου
1466 1329 1561 1388 μὴν
1595 1326 1801 1392 βάκχους

983 1406 1094 1442 τους
1114 1384 1383 1440 πολιτικοὺς
1399 1391 1574 1443 καλῶν,
1612 1394 1798 1460 ναρθη-

984 1444 1221 1516 κοφόρους
1252 1446 1303 1491 δὲ
1335 1443 1536 1514 βάκχους
1570 1463 1682 1499 τους
1713 1465 1798 1494 κα-

984 1503 1255 1576 θαρτικούς.
1282 1503 1509 1547 Nimirum
1528 1504 1695 1562 βάκχοι
1714 1521 1798 1550 no-

983 1563 1142 1605 minati
1194 1565 1296 1605 sunt
1341 1561 1678 1605 sacerdotes
1740 1565 1799 1607 et

984 1618 1239 1663 ministri
1267 1618 1579 1685 orgiorum.
1608 1618 1806 1663 801101

985 1675 1041 1719 ad
1077 1674 1365 1744 Aristoph.
1414 1674 1583 1742 Equitt.
1619 1688 1660 1718 v.
1693 1676 1797 1720 406.

984 1729 1160 1803 βάκχον
1179 1728 1236 1776 ου’
1251 1732 1335 1775 τὸν
1346 1727 1579 1775 Διόνυσον
1601 1729 1798 1778 ἐκάλουν
1887 1759 1889 1762 -

972 1789 1150 1846 μόνον,

1208 1783 1323 1832 άλλὰ
1359 1786 1440 1831 καὶ
1475 1785 1657 1840 πάντας
1686 1786 1800 1842 τοὺς

983 1847 1230 1896 τελοῦντας
1245 1842 1304 1888 τὰ
1315 1838 1451 1902 ὄργια
1473 1845 1675 1902 βακχους
1693 1844 1799 1891 ἐκά-

985 1906 1110 1959 λουν,
1136 1917 1271 1958 quem
1285 1903 1435 1945 locum
1449 1901 1650 1947 laudavit
1670 1905 1742 1947 Fo
1752 1919 1800 1946 r-

990 1965 1197 2072 ἰιῖἑοιὲιζιιε
1248 1959 1450 2002 Cicero
1479 1959 1535 2002 de
1566 1960 1799 2017 Legg.11.

993 2075 1125 2116 chus
1163 2071 1658 2128 Eumolpidaeque
1699 2090 1728 2118 v
1742 2090 1798 2118 e·-

992 2130 1103 2172 stri
1144 2134 1198 2172 et
1237 2133 1482 2197 augusta
1525 2129 1638 2174 illa
1674 2144 1800 2188 my·-

994 2186 1197 2239 steria,
1252 2186 1302 2229 si
1358 2185 1579 2254 quidem
1633 2201 1798 2232 saera

993 2247 1276 2286 nocturna
1300 2245 1320 2285 t
1339 2241 1474 2285 0111
1490 2256 1538 2287 m
1555 2241 1655 2288 us?
1715 2245 1799 2289 ubi

991 2299 1035 2343 Τ
1050 2314 1081 2342 ιι
1090 2315 1113 2342 ι·
1124 2301 1226 2343 neb
1238 2314 1268 2341 u
1279 2314 1299 2342 s
1339 2297 1553 2343 Iacchum
1600 2298 1798 2370 intelligi.

989 2361 1139 2400 censet
1156 2361 1399 2400 extremam
1414 2352 1674 2402 initiationis
1693 2373 1799 2415 para

988 2417 1094 2458 tem.
1123 2438 1153 2446 -
1202 2411 1389 2472 νάρθηξ
1417 2418 1486 2457 est
1521 2415 1712 2462 ferula
1737 2416 1797 2460 in

986 2485 1088 2571 ἷξε.
1096 2470 1431 2572 3503‘23333'
1453 2469 1795 2586 ξιοὲξῗέἑριῖξῗί

989 2598 1025 2630 Β.
1068 2599 1114 2628 v.
1152 2589 1197 2629 et
1228 2586 1460 2629 Barnea.
1499 2586 1557 2628 ad
1594 2586 1796 2643 Euripid.

987 2638 1154 2685 Bacch.
1176 2656 1218 2685 v.
1238 2640 1324 2685 145
1341 2656 1433 2698 sqq.
1463 2656 1551 2709 quo
1570 2643 1669 2686 loco
1690 2657 1798 2699 poe·

989 2703 1036 2743 ta
1053 2696 1449 2771 ναρθηκοφόρους
1472 2699 1536 2742 ita
1565 2699 1799 2744 describite

992 2753 1018 2800 6
1042 2753 1247 2827 Βακχευς
1264 2751 1335 2800 δ”
1321 2772 1432 2825 εχων
1453 2754 1674 2827 πυρσώδη
1686 2754 1798 2813 φλό-

990 2829 1052 2869 γα
1072 2829 1246 2864 πευκας
1266 2811 1315 2857 ἐκ
1348 2811 1589 2871 νάρθηκος
1625 2810 1786 2871 citam,

992 2870 1151 2941 δρόμῳ
1171 2870 1252 2915 καὶ
1272 2874 1429 2928 χοροῖς
1451 2867 1669 2940 ἐρεθίζων
1685 2874 1800 2915 πλα-

992 2928 1161 2980 νάτας,
1218 2927 1400 2982 ἰακχαῖς
1435 2925 1474 2971 τ’
1508 2922 1798 2998 άναπάλλῳν,

991 2982 1226 3057 τρυφερὸν
1252 2983 1492 3040 πλόκαμον
1529 2985 1593 3035 εἰς
1627 2983 1800 3052 αἰθέρα

994 3042 1180 3109 ῥίπτων.»
1218 3058 1259 3084 κ
1298 3058 1339 3094 τ
1368 3043 1405 3084 λ
1470 3043 1675 3085 Ceterum
1708 3041 1799 3084 loci

993 3099 1253 3144 sententiam
1299 3101 1419 3141 recte
1458 3098 1523 3141 ita
1561 3098 1802 3143 declaravit

994 3156 1336 3207 Fischerus·
1324 3184 1335 3197 .
1386 3150 1555 3197 multi
1584 3169 1712 3210 prae
1741 3168 1800 3197 so

992 3214 1192 3255 ferunt
1249 3222 1505 3254 amorem
1562 3217 1619 3255 et
1674 3215 1804 3254 stu·

995 3269 1153 3312 dium
1199 3267 1645 3324 philosophiae,
1704 3262 1801 3309 sed

994 3324 1175 3393 pauci
1202 3340 1222 3369 s
1237 3329 1334 3369 unt
1367 3339 1504 3369 vere
1540 3325 1804 3383 philoso-

995 3381 1107 3440 phi.

1180 3440 1221 3498 5

1140 2016 1240 2059 uid
1288 2029 1430 2072 ergo
1482 2022 1619 2072 aget
1669 2020 1800 2062 Iac—
