2040 3646
1661 165 1768 208 xm

85 310 249 355 iudicio
274 308 431 367 capitis
456 307 834 350 condemnaretur.
892 305 943 347 In
974 318 1107 360 quem
1135 319 1275 360 quum
1305 307 1515 361 tanquam
1542 303 1589 347 in
1624 305 1767 361 perfo-

86 403 206 439 ctum
227 395 403 439 virtutis
425 409 477 437 ac
508 391 750 449 sapientiae
779 391 1002 446 exemplar
1027 390 1191 433 intueri
1223 389 1541 443 consuevisset,
1578 404 1769 446 genero-

85 496 185 524 sum
208 481 304 524 eius
335 485 486 536 pectus
517 477 680 523 exarsit
707 474 1052 533 flagrantissimo
1089 475 1234 518 studio
1268 475 1455 518 tuendae
1490 475 1768 519 innocentiae

86 565 292 622 magistri
312 565 404 621 sui,
462 565 549 607 hoc
571 568 637 606 est
658 562 753 619 eius
785 561 897 614 viri,
955 560 1033 615 qui
1061 559 1203 602 omnis
1229 559 1407 603 virtutis
1441 574 1503 603 ac.r
1529 561 1771 616 sapientiae

85 651 242 703 vindex
265 656 308 696 et
331 649 559 699 restitutor
599 647 834 698 videretur.
891 646 1046 700 Itaque
1064 644 1145 686 illo
1170 648 1366 700 tempore
1397 649 1441 688 et
1461 645 1672 701 proximis
1693 648 1770 689 de-

85 723 192 792 liine
234 735 385 787 annis,
442 740 490 776 ut
519 733 715 787 videtur,
772 732 901 787 plura
934 728 1180 773 elaboravit
1208 728 1443 772 literarum
1470 735 1770 786 monumenta,

87 821 248 876 quibus
267 821 339 870 vel
360 817 558 877 Socratis
580 831 758 859 causam
782 815 1000 868 defendit,
1038 814 1111 857 vel
1147 828 1308 856 nomen
1332 814 1428 856 eius
1460 819 1592 870 atque
1616 818 1773 861 laudes

88 883 152 950 ita
178 905 436 957 illustravit,
465 908 515 945 ut
536 902 669 946 simul
689 905 834 957 partes
860 900 1072 955 quasdam
1097 913 1203 952 suae
1225 898 1365 954 ipsius
1395 899 1619 944 doctrinae
1642 916 1774 958 expoa

90 994 214 1044 neret
249 994 295 1043 et
322 988 574 1045 explicaret.
644 986 758 1031 Nam
793 991 1034 1040 utrumque
1069 983 1304 1026 consilium
1341 971 1654 1040 saepenumero
1682 991 1775 1031 tam

91 1080 211 1128 arcte
236 1072 485 1126 coniunxit,
540 1076 590 1115 ut
612 1071 718 1136 quid
747 1070 1026 1127 potissimum
1053 1070 1100 1112 in
1133 1068 1365 1112 scribendo
1386 1075 1561 1117 secutus
1584 1071 1667 1128 sit,
1725 1087 1776 1116 re

91 1175 179 1214 pon
200 1160 305 1202 satis
329 1159 569 1215 diligenter
589 1170 804 1213 perpensa
823 1156 1062 1200 admodum
1090 1154 1252 1208 dubius
1283 1154 1470 1198 haerere
1496 1157 1649 1213 possis.
1708 1160 1778 1209 De

92 1259 180 1301 qua
198 1259 248 1297 re
267 1245 375 1298 item
396 1243 599 1299 pluribus
625 1242 740 1285 infra
766 1240 1075 1297 disputabitur.

109 1309 132 1322 -‚
255 1331 400 1385 Atque
438 1329 656 1376 hactenus
691 1326 883 1369 vidimus
916 1327 1151 1369 Platonem
1183 1324 1301 1369 inter-
1325 1324 1616 1382 philosophos
1653 1327 1781 1375 illius

92 1415 251 1470 aetatis
281 1414 505 1465 neminem
529 1411 670 1469 pluris
696 1412 853 1455 secisse
882 1425 1016 1467 quam
1047 1409 1356 1462 Parmeniden]
1386 1414 1520 1468 atque
1537 1412 1780 1465 Socratem.

92 1502 250 1557 ltaque
271 1514 324 1551 ex
351 1499 514 1549 horum
542 1497 776 1553 disciplina
805 1511 908 1540 eum
936 1495 1130 1551 plurima
1163 1480 1418 1551 repetiisse,
1482 1511 1617 1552 quum
1654 1512 1782 1543 suam

92 1586 199 1645 ipse·
210 1584 453 1630 doctrinam
471 1583 703 1635 conderet,
730 1581 900 1624 nemini
921 1580 1087 1631 mirum
1112 1580 1350 1624 videbitur.
1409 1582 1673 1638 Quanquam
1693 1585 1783 1627 hoe

93 1671 199 1723 fecit
219 1670 309 1724 sic,
336 1674 387 1713 ut
407 1670 551 1722 multa
574 1668 630 1712 ad
656 1681 783 1721 suam
804 1667 1021 1719 rationem
1052 1665 1332 1720 immutaret,
1371 1666 1489 1709 nihil
1513 1682 1600 1710 non
1634 1671 1785 1725 explo⁴

95 1760 218 1799 raret
239 1759 284 1809 et
303 1755 359 1806 ad
382 1768 536 1805 causas
557 1767 659 1805 suas
677 1766 888 1805 revocare
906 1756 1152 1800 conaretur.
1208 1752 1388 1805 Etenim
1418 1756 1593 1802 tantum
1627 1731 1785 1808 abfuit,

98 1845 150 1884 ut
171 1840 371 1900 divinum
391 1839 589 1892 Platonis
610 1838 843 1895 ingenium
863 1837 909 1880 in
931 1836 986 1879 iis
1005 1836 1327 1896 acquiesceret.
1361 1816 1476 1893 quae
1511 1852 1538 1881 a
1555 1839 1786 1896 magistris

100 1926 191 1979 suis
212 1903 476 1981 accepisset,
502 1923 618 1976 utin
643 1923 874 1975 interiores
896 1930 1048 1970 rerum
1068 1935 1223 1974 causas
1249 1922 1475 1978 inquirere
1507 1929 1552 1973 et
1570 1924 1788 1968 humana-

100 2026 203 2055 rum
241 2024 393 2065 rerum
436 2007 581 2058 studio
614 2007 864 2059 divinarum
894 2022 1047 2051 rerum
1084 2008 1502 2063 contemplationem
1543 2009 1787 2067 adiungere

102 2096 310 2149 studeret.
348 2094 524 2148 ‚ltaque
545 2092 829 2148 investigavit
851 2097 1063 2146 tanquam
1093 2092 1428 2135 fundamentum
1446 2094 1689 2148 quoddam,
1737 2094 1787 2138 in

103 2195 192 2237 quo
216 2184 358 2223 totum
377 2177 601 2231 doctrinae
631 2191 737 2220 suae
768 2177 1020 2231 aedificium
1049 2180 1317 2234 exstrueret,
1364 2182 1497 2233 atque
1522 2179 1789 2241 excogitavit

103 2247 301 2309 nobilem
316 2263 445 2315 illam
468 2263 747 2317 multumque
769 2260 1039 2305 celebratam
1059 2260 1304 2315 doctrinam
1332 2262 1386 2304 de
1404 2263 1514 2316 ideis
1527 2295 1541 2317 ‚
1563 2264 1633 2306 ad
1655 2277 1790 2319 quam

105 2349 254 2404 omnia
273 2350 447 2400 decreta
471 2361 553 2401 sua
579 2346 736 2396 referri
755 2347 909 2399 voluit.
969 2345 1099 2401 Quod
1130 2346 1308 2402 quidem
1336 2362 1424 2403 quo
1447 2351 1647 2405 tempore
1673 2350 1793 2393 fece-³,

103 2435 185 2491 rit,
214 2449 303 2486 non
325 2439 467 2490 potest
483 2437 602 2475 certo
621 2432 818 2486 definiri:
855 2431 967 2474 illud
986 2436 1133 2485 tamen
1159 2436 1331 2485 certum
1349 2412 1618 2476 arbitramur
1631 2466 1643 2486 ,
1673 2434 1795 2490 quod,

103 2521 196 2575 iam
221 2534 354 2575 supra
375 2518 565 2563 diximus
580 2549 593 2571 ,
623 2531 750 2572 eum,
785 2521 1019 2577 postquam
1038 2516 1316 2569 Parmenidis
1351 2518 1600 2571 doctrinam
1625 2533 1794 2576 cogno-⁶

107 2606 262 2659 visset,
282 2582 526 2661 ”paullatim
547 2602 604 2652 ad
630 2602 759 2645 illam
783 2602 837 2644 de
859 2601 971 2644 ideis
998 2601 1260 2655 sentent-iam
1282 2603 1358 2655 vel
1383 2602 1693 2646 inveniendam
1719 2604 1793 2647 vel

108 2689 382 2747 argumentis
416 2687 787 2743 comprobandam
825 2687 1020 2730 delatum
1050 2688 1209 2743 esse').
1274 2687 1390 2732 Nam
1407 2689 1568 2741 sensim
1592 2692 1636 2731 et
1659 2689 1793 2745 pede-1

109 2775 263 2818 tentim
280 2774 368 2816 hoc
401 2774 567 2816 factum
593 2787 689 2815 esse
735 2773 809 2815 vel
842 2786 895 2815 ex
927 2771 1075 2827 priore
1102 2777 1229 2827 parte
1260 2774 1476 2816 sermonis
1506 2774 1631 2816 illius
1653 2774 1794 2817 conii-

112 2873 212 2913 cere
234 2859 362 2911 licet,
392 2858 470 2926 qui
490 2852 766 2913 Parmenidis
795 2856 973 2911 nomine
1001 2856 1238 2914 inscriptus
1271 2862 1351 2913 est.
1410 2858 1500 2911 Sed
1531 2859 1794 2913 accedamus„

173 3200 213 3268 ἡ
242 3199 293 3242 V.
318 3198 541 3242 Phaedon.
570 3215 611 3256 p.
631 3197 700 3242 99.
723 3199 779 3241 l).
837 3199 994 3253 Itaque
1028 3198 1075 3241 in
1104 3197 1160 3241 iis
1187 3198 1406 3267 dialogis,
1447 3213 1556 3255 quos
1592 3203 1692 3249 ante
1715 3198 1800 3242 So<

280 3271 357 3355 {²1¹3
361 3255 1085 3356 2:1⁵1,33¹323ffi5322‘33135332235..
1099 3255 1802 3378 ἰζ’ἰὲἷιῗιὲἶῗῖηῗὲἒὲἒιῖωιέἓὲἰ

284 3369 378 3424 rias
395 3370 604 3424 demum·
591 3384 639 3414 m
657 3369 863 3427 operibus
887 3374 1038 3426 postea
1057 3368 1200 3415 editis.
