2040 3646
1632 155 1803 206 -xxvn

129 300 344 358 lamnia,v
377 300 577 359 vulgaris
607 300 688 345 illa
715 298 921 349 aularum
957 298 1116 358 pestis,
1173 302 1365 358 repente
1393 298 1569 347 irritam
1597 300 1803 346 reddidit.

63 406 67 410 ·
117 387 450 442 *Desiderabant
473 388 592 430 enim
613 385 812 443 improbi
830 385 1032 441 quidam,
1066 390 1116 429 ut
1133 386 1687 443 pristinamr-reeuperarent
1713 399 1809 434 sce-

43 534 48 537 .
130 471 276 518 lerum
292 472 541 526 licentiam,
584 472 775 529 priorem
808 485 959 513 rerum
989 470 1305 526 conditionem,
1344 476 1388 515 et
1406 471 1585 528 imperii
1609 471 1808 514 habenas

122 548 191 613 ¹ad
217 570 263 598 se
293 558 470 600 trahere
495 558 765 599 conabantur
799 557 937 600 fracta
956 556 1112 599 Dionis
1147 557 1422 600 auctoritate.
1480 558 1707 619 Quantum
1731 569 1812 607 vae

133 641 255 695 leant
284 641 533 685 calumniae
561 645 605 684 et
634 642 970 684 obtrectationes
995 654 1082 682 non
1111 641 1254 683 solum
1277 641 1405 696 >apud
1431 640 1686 697 principem·
1734 639 1813 683 sed

135 726 271 769 etiam
293 728 408 783 apud
427 727 645 783 privatos,
674 726 772 781 quis
796 729 862 768 est
880 726 959 781 qui*
975 724 1175 767 nesciat?
1232 724 1387 779 Itaque
1409 739 1547 780 quum
1570 725 1658 768 Dio
1690 738 1816 769 soro-

77 853 87 867 *
137 823 233 853 rem
253 811 454 867 Dionysii
475 811 521 854 in
543 810 823 856 matrimonio
855 810 1064 864 haberet,
1112 814 1350 865 tyrannum
1379 809 1455 852 isti
1484 809 1643 852 callide
1663 824 1817 867 mone·

137 895 272 948 bant,
306 909 361 938 ne
389 895 574 939 nimiam
591 896 830 953 potentiam
860 894 983 937 affini
1003 894 1286 946 concederet,
1324 897 1374 936 ut
1397 894 1476 949 qui
1496 908 1684 951 regnum
1713 907 1818 945 con-

140 979 365 1035 cupiscere
399 981 634 1026 videretur.
706 982 832 1036 Quae
868 978 1046 1035 quidem
1086 978 1411 1021 criminationes
1447 993 1545 1024 non
1583 983 1818 1025 caruerunt

141 1070 313 1120 eventu.
370 1067 531 1110 Pulsus
552 1065 670 1121 enim
697 1079 749 1109 ex
773 1063 917 1123 patria
950 1068 1016 1110 est
1038 1063 1146 1116 Dio,
1185 1045 1348 1107 frustra
1374 1063 1597 1109 obnitente
1618 1065 1819 1120 Platone,

141 1164 199 1203 ne
218 1150 322 1212 quid
341 1149 387 1193 in
415 1152 551 1194 talem
571 1149 715 1193 virum
741 1150 903 1192 iniuste
940 1148 1293 1204 constitueretur.
1353 1151 1454 1204 Quo
1485 1150 1600 1196 facto
1631 1163 1720 1201 non
1750 1163 1822 1193 so-

141 1235 239 1292 lum
264 1235 568 1293 improborum
585 1235 780 1291 potentia
798 1233 1032 1291 paullatim
1056 1234 1217 1287 crevit,
1248 1234 1324 1278 sed
1343 1234 1481 1279 etiam
1501 1235 1675 1299 animus
1700 1235 1822 1292 regis

134 1320 210 1363 ‘ita
239 1321 384 1376 coepit
413 1320 603 1372 mutari,
630 1325 705 1373 ut,
731 1319 837 1375 quid
865 1324 1123 1363 eventurum
1147 1323 1260 1376 esset
1277 1352 1291 1374 ‚
1345 1319 1467 1366 viros
1487 1319 1704 1375 sapientes
1725 1333 1824 1373 ,non

78 1443 85 1447 .
147 1405 335 1462 amplius
371 1406 510 1450 latere
547 1407 706 1460 posset.
763 1403 859 1448 Etsi
891 1403 1032 1460 igitur
1069 1403 1309 1461 Dionysius
1342 1405 1593 1461 Platonem·
1618 1404 1828 1458 omnibus

147 1490 290 1557 modis
308 1491 499 1533 retinere
523 1490 749 1542 studebat,
778 1489 905 1532 cuius
923 1487 1162 1534 discessum
1190 1488 1277 1532 sibi
1302 1489 1506 1533 dedecori
1526 1490 1620 1533 fore
1637 1489 1829 1536 arbitra-

107 1611 110 1614 ⁴
147 1558 306 1629 batur,
345 1579 493 1619 tamen
525 1573 841 1631 philosophus,
882 1572 959 1628 qui
987 1578 1103 1629 artes
1126 1572 1292 1616 civium
1318 1574 1625 1631 improborum
1654 1589 1832 1642 persp&

148 1661 308 1715 ixisset,
348 1660 394 1703 in
414 1659 605 1718 patriam
632 1658 720 1701 sibi
739 1658 1011 1724 redeundum
1031 1640 1278 1712 iudicavit„
1313 1660 1468 1715 Itaque
1494 1660 1731 1715 impetrata
1755 1674 1833 1710 ve-

150 1745 229 1791 nia
245 1747 439 1790 Athenas
464 1758 666 1789 reversus
684 1747 764 1788 est.
823 1743 952 1799 Quod
968 1776 981 1797 ‚
1012 1743 1052 1786 si
1070 1758 1176 1787 vera
1197 1747 1262 1788 est
1291 1744 1327 1787 C
1340 1743 1548 1800 orsinii
1574 1745 1688 1789 ratio
1703 1777 1735 1801 ,μ
1757 1759 1833 1790 ac-

153 1830 260 1875 cidit
280 1830 455 1889 Olymp.
479 1830 595 1876 0111.
615 1828 660 1876 4.
688 1843 729 1877 a.
749 1825 848 1878 365.
869 1842 910 1876 a.
934 1828 1040 1876 Chr.
1059 1842 1103 1875 n.
1122 1828 1302 1878 biennio
1330 1833 1586 1889 postquam
1613 1832 1835 1889 profectus

152 1920 247 1963 erat
270 1916 575 1974 Syracusas·*).

321 2002 452 2057 Quod
479 2005 629 2044 autem
647 2000 811 2044 fecerat
842 2015 894 2044 ex
908 2001 1066 2061 ‘primo
1093 2001 1252 2045 itinere
1276 2016 1502 2056 reversus,
1541 2005 1593 2045 ut
1623 2014 1674 2044 se
1691 2003 1836 2046 totum

157 2085 336 2142 dederet
359 2085 664 2142 philosophiae
683 2086 860 2145 studiis,
887 2086 935 2130 id
956 2067 1189 2143 quominus
1211 2102 1328 2129 nunc
1349 2087 1484 2131 etiam
1505 2087 1696 2139 faceret,
1734 2100 1839 2142 pro-

157 2170 402 2228 hibuerunt
432 2175 713 2229 tempestates
749 2184 851 2213 mox
884 2170 1122 2214 insecutae.
1190 2174 1339 2227 Quum
1371 2171 1490 2214 enim
1528 2168 1618 2222 Dio
1651 2169 1839 2214 Athenis

160 2257 283 2299 exsul
299 2256 494 2309 viveret,
532 2255 626 2310 ipse
657 2258 805 2298 autem
823 2259 1019 2315 ,tyranno
1050 2256 1274 2312 pollicitus
1301 2260 1416 2299 esset
1444 2255 1559 2298 velle
1575 2268 1639 2298 ,se
1673 2253 1841 2299 reverti

152 2341 423 2398 Syracusas,
470 2339 509 2383 si
538 2339 625 2382 Dio
649 2339 696 2382 in
728 2339 916 2395 patriam
944 2319 1242 2393 revocaretur,
1268 2344 1440 2396 praeter
1473 2339 1840 2395 exspectationem

161 2426 348 2479 accidit,
374 2429 425 2468 ut
455 2438 543 2475 non
566 2423 628 2467 ita
643 2425 783 2467 multo
815 2429 913 2479 post
938 2425 1117 2469 tertium
1149 2425 1236 2469 iter
1268 2425 1315 2468 in
1335 2424 1537 2475 Siciliam
1557 2428 1670 2471 esset
1701 2425 1842 2469 susci-

160 2511 385 2567 piendum.
441 2509 657 2553 Invitatus
685 2513 753 2553 est
780 2509 900 2553 enim
932 2524 959 2553 a
989 2509 1231 2567 Dionysio,
1275 2509 1368 2554 sive
1398 2510 1515 2566 quod
1542 2508 1582 2553 is
1616 2510 1844 2566 improbo-

162 2606 264 2640 rum
279 2594 513 2639 hominum
530 2594 716 2637 consilia
735 2608 849 2636 nunc
873 2594 968 2651 ipse
988 2594 1194 2638 reiiceret
1217 2598 1261 2637 et
1275 2594 1583 2651 improbaret„
1604 2595 1698 2639 sive
1725 2595 1844 2652 quod

163 2679 406 2736 discessum
434 2678 633 2723 Platonis
669 2693 775 2735 prae
805 2679 926 2723 inani
957 2680 1148 2735 quadam
1177 2680 1423 2727 ambitione.
1438 2679 1669 2736 laudisque
1696 2679 1843 2723 studio

164 2778 302 2821 aegre
323 2765 479 2817 ferret,
521 2767 571 2807 ut
592 2763 832 2821 Syracusas
865 2769 1173 2809 reverteretur.
1232 2764 1405 2820 Quibus
1437 2764 1612 2823 tyranni
1640 2765 1844 2820 precibus

166 2851 249 2892 etsi
265 2850 320 2892 ab
343 2849 470 2892 initio
495 2848 611 2891 nihil
636 2848 919 2892 tribuendum
940 2850 1135 2905 putavit,
1165 2853 1311 2893 tamen
1333 2863 1471 2905 quum
1486 2849 1567 2892 ille
1589 2863 1677 2892 non
1700 2851 1846 2895 solum

167 2933 262 2990 ipse
284 2934 567 2989 polliceretur
591 2933 706 2976 velle
725 2948 772 2976 se
788 2933 979 2976 Dionem
998 2935 1230 2978 restituere
1262 2933 1527 2990 optimisque
1548 2933 1742 2978 consiliis
1765 2935 1848 2978 ob-

167 3021 439 3074 temperare,
468 3017 543 3062 sed
563 3017 697 3062 etlam
717 3018 850 3063 amici
863 3019 1078 3076 Platonis,
1104 3019 1321 3079 imprimis
1341 3019 1561 3080 Archytas
1578 3019 1849 3067 Tarentinus

229 3290 268 3347 ·)
319 3289 387 3333 De
419 3290 492 3333 his
523 3290 726 3335 omnibus
755 3292 970 3351 legendus
1003 3297 1070 3339 est
1101 3293 1320 3352 imprimis
1347 3295 1452 3338 Plu
1467 3298 1556 3340 tar
1568 3291 1635 3339 ch
1646 3307 1710 3338 us
1748 3295 1780 3339 1.
1806 3307 1856 3340 e„

188 3371 211 3388 s
338 3347 393 3390 cs.
422 3347 463 3391 Τ
475 3361 572 3393 eun
585 3363 664 3394 em
675 3359 793 3417 ann.
823 3366 865 3410 p.
884 3350 941 3396 54
956 3365 1052 3411 sqq.
1080 3353 1158 3409 qui
1177 3367 1274 3399 rem
1293 3352 1477 3408 uberius
1493 3352 1708 3411 exposuit·
