2040 3646
1576 158 1739 213 XXXV

56 302 113 347 de
139 299 336 360 Legibus
363 312 497 355 supra
524 297 632 343 satis
658 294 853 349 dictum3
890 293 946 339 de
985 294 1325 352 Epinomide
1363 300 1540 354 autem,
1572 299 1738 344 Alci-

54 368 230 437 biade
257 367 344 441 11„
373 384 493 428 The
508 397 634 441 age,
669 380 1009 446 Amat-oribu
1023 394 1044 424 s
1059 413 1074 438 ,
1117 382 1481 439 Hipparcho,
1516 384 1736 442 Minoe,

57 472 122 516 cl
137 471 473 527 itophonte,
501 470 612 526 Ery
628 468 742 521 xia,
768 465 894 520 aliis,
930 466 1022 510 iam
1058 479 1087 510 a
1123 465 1176 508 M
1190 466 1463 523 einersio,
1501 469 1583 514 Te
1597 485 1744 530 nne-—

54 570 273 613 manno,
302 556 341 599 B
356 553 621 606 oeclaehio,
649 552 681 596 S
697 552 824 595 chle
839 550 976 595 ierm
990 551 1097 595 ach
1110 565 1220 604 ero,
1246 551 1423 607 Astio,
1450 553 1514 598 ita
1541 555 1746 614 ‹lisputa-⁴

55 645 152 685 tum
179 645 247 685 est
260 675 273 697 ,
301 644 351 684 ut
380 652 455 682 eos
482 637 662 682 Platoni
688 636 1001 681 abiudicandos
1030 650 1127 680 esse
1152 650 1240 680 non
1265 637 1406 693 possit
1432 639 1643 696 dubitari,
1667 641 1737 686 ni-

56 725 99 772 si
123 727 181 771 ab
210 724 442 782 imperitis.
856 719 859 722 ’

221 840 279 882 Et
303 837 418 880 haec
435 834 615 891 quidem
643 835 698 877 de
716 834 916 879 Platonis
935 835 1032 878 vita
1045 867 1059 889 ,
1096 835 1294 879 doctrina
1306 872 1318 892 ‚
1346 835 1529 894 ingenio
1557 842 1603 884 et
1628 839 1740 885 scri-

54 925 157 982 ptis.
215 925 341 979 Quae
379 920 558 977 quidem
585 920 761 963 abunde
793 919 1044 962 sufficerent
1079 919 1214 963 huius
1251 920 1498 978 scriptionis
1536 922 1739 978 consilio,

55 1008 142 1053 nisi
170 1021 312 1064 pauca
345 1005 544 1049 addenda
569 1004 823 1047 viderentur
859 1003 914 1047 de
947 1004 1212 1060 scriptorum
1239 1006 1568 1050 Platonicorum
1596 1008 1741 1053 forma

58 1099 190 1151 atque
207 1095 260 1137 de
278 1089 519 1136 disserendi
555 1089 727 1134 ratione
762 1089 810 1134 in
831 1089 887 1133 iis
914 1093 1144 1147 regnante.
1197 1091 1327 1133 Haec
1353 1090 1472 1133 enim
1503 1106 1607 1134 cum
1632 1092 1742 1149 ipsis

56 1180 276 1223 librorum
310 1175 584 1234 argumentis
609 1180 702 1219 tam
744 1178 812 1218 est
850 1173 1083 1218 coniuncta
1097 1206 1111 1228 ,
1166 1178 1217 1218 ut
1255 1174 1334 1231 qui
1360 1189 1460 1219 eam
1491 1176 1743 1234 negligant,

55 1266 182 1309 nullo
199 1264 331 1307 modo
350 1261 584 1318 pervenire
605 1259 774 1317 possint
794 1258 852 1303 ad
875 1259 1055 1316 plenam
1081 1260 1405 1318 perfectamque
1423 1261 1741 1306 sententiarum

55 1349 388 1395 Platonicorum
408 1344 768 1404 intelligentiam.

224 1463 379 1519 Quum
422 1457 542 1501 enim
574 1461 733 1501 natura
759 1455 808 1499 in
833 1455 1036 1500 Platonis
1065 1454 1247 1514 ingenio
1273 1471 1498 1503 summum
1530 1458 1626 1503 veri
1649 1462 1743 1505 stu-

58 1549 183 1610 dium
209 1561 311 1590 cum
342 1543 558 1588 acerrimo
587 1541 731 1599 pulcri
762 1541 1027 1597 venustique
1063 1556 1194 1585 sensu
1227 1528 1560 1606 copulavisset,
1599 1545 1664 1589 ita
1692 1518 1747 1591 ut

57 1613 232 1680 mature
250 1631 306 1676 ad
330 1627 483 1689 poesin
510 1626 730 1686 imprimis
758 1625 956 1669 animum
985 1624 1221 1680 adiiceret,
1266 1628 1432 1671 factum
1455 1631 1543 1683 est,
1568 1606 1571 1608 Δ
1591 1633 1642 1673 ut
1661 1609 1745 1673 nec

0 1777 2 1780 Ι
59 1710 235 1778 postea,
288 1729 428 1776 quum
458 1728 506 1757 se
534 1717 677 1757 totum
706 1710 1015 1770 philosophiae
1037 1711 1250 1765 dedisset,
1306 1712 1542 1768 pristinum
1562 1728 1745 1772 poeseos

62 1783 261 1849 amorem
278 1801 534 1858 deponeret,
562 1797 640 1842 sed
663 1812 765 1841 eum
787 1797 843 1840 ad
861 1795 1174 1854 philosophiae
1194 1795 1339 1839 studia
1361 1798 1616 1841 transferret
1643 1796 1758 1843 cum¹

63 1865 208 1944 iisque
235 1885 537 1942 coniungeret.
593 1882 712 1926 Vidit
748 1887 897 1926 autem
917 1879 1229 1938 philosophiae
1261 1880 1582 1926 institutionem
1604 1884 1749 1940 pluri-

63 1986 190 2019 mum
207 1970 323 2014 lucri
336 1973 565 2026 capturam
586 1981 682 2010 esse
707 1970 802 2010 tum
821 1966 876 2010 ad
912 1964 1179 2009 suavitatem
1211 1970 1255 2009 et
1274 1965 1612 2021 iucunditatem,
1650 1954 1748 2014 tnm'

66 2060 124 2104 ad
143 2053 385 2100 disserendi
405 2051 710 2109 diligentiam,
750 2050 791 2094 si
817 2050 860 2094 ei
881 2049 1010 2107 quasi
1043 2051 1181 2095 vitam
1206 2054 1462 2107 motumque
1487 2052 1751 2111 adiungeret

65 2119 293 2197 totamque
310 2139 367 2182 ad
385 2138 608 2180 humanae
630 2139 814 2180 naturae
834 2139 1012 2191 captum
1028 2135 1175 2192 magis
1197 2134 1562 2178 accommodaret.
1618 2137 1750 2193 Quod

67 2206 249 2284 quidem
266 2221 415 2266 effecit
429 2220 680 2265 adhibendo
703 2219 896 2276 dialogo.
955 2220 1101 2274 Quem
1121 2217 1281 2274 etsijtd
1305 2218 1637 2264 similitudinem
1657 2236 1750 2265 ser-

66 2324 251 2357 monum
269 2305 598 2353 Socraticorum
620 2304 933 2358 conformavit,
970 2296 1121 2347 tamen¹
1137 2303 1335 2359 exemplo
1353 2297 1582 2359 poetarum
1609 2305 1753 2363 tragi-

68 2408 224 2439 corum
239 2425 254 2447 ,
301 2391 596 2444 comicorum,
633 2389 942 2442 mimicorum,
985 2401 1175 2444 quorum
1205 2387 1432 2451 rationem*
1449 2391 1624 2431 mature
1649 2404 1752 2446 per-

31 2507 35 2511 ,
69 2462 296 2536 sperneret,
334 2476 390 2520 ad
422 2474 531 2519 artis
560 2478 794 2533 praecepta
819 2477 863 2517 et
896 2472 1327 2516 verisimilitudinem
1355 2470 1476 2516 vitae
1505 2474 1753 2518 communis

42 2560 45 2563 ’
70 2562 295 2607 revocavit
318 2566 363 2605 et
385 2542 600 2614 excoluit,
637 2565 688 2604 ut
714 2557 944 2604 verissime
965 2557 1258 2602 iudicaverint
1289 2556 1468 2601 differre
1499 2555 1634 2601 huius
1656 2559 1753 2602 dia-

71 2643 202 2705 logos
223 2647 280 2690 ab
305 2644 405 2689 aliis
425 2648 470 2688 et
490 2644 816 2688 Socraticorum
838 2647 883 2687 et
904 2649 1150 2688 ceterorum
1169 2641 1534 2698 philosophorum
1553 2643 1753 2686 omnium

74 2730 266 2788 dialogis
285 2734 478 2783 tantum,
504 2734 717 2786 quantum
732 2729 835 2782 viva
855 2742 1041 2786 corpora
1071 2741 1100 2771 a
1123 2727 1292 2770 statuis.
1348 2727 1407 2768 Et
1427 2725 1545 2768 hauc
1574 2727 1754 2783 quidem

75 2829 231 2860 eorum
259 2813 601 2871 pulcritudinem
628 2813 705 2870 qui
732 2811 906 2871 penitus
934 2812 1082 2856 animo
1108 2811 1216 2854 velit
1241 2810 1489 2867 percipere,
1544 2825 1647 2853 eum
1672 2826 1755 2854 nec

75 2899 308 2957 negligere
333 2879 513 2953 'oportet
533 2901 755 2941 externam
791 2897 988 2955 ipsorum
1024 2897 1214 2939 formam
1244 2909 1297 2938 ac
1322 2895 1538 2951 speciem,
1580 2900 1626 2939 et
1653 2896 1757 2939 dili-

0 2989 11 3017 '·2
78 2982 339 3041 gentissimta
359 2981 582 3025 attendere
602 2982 799 3026 animum
825 2983 883 3026 ad
905 2980 1147 3025 disserendi
1168 2979 1288 3023 viam
1312 2982 1355 3022 et
1377 2979 1616 3032 rationem,
1643 2994 1757 3036 quae

3 3053 17 3109 ετ
79 3052 222 3112 artem
260 3066 308 3111 in
338 3066 394 3110 iis
421 3067 558 3110 habet
593 3081 771 3123 prorsus
806 3067 1079 3124 singularem
1110 3069 1155 3109 et
1180 3061 1503 3107 admirabilem.
1568 3064 1638 3106 De
1670 3077 1759 3121 qua

9 3133 14 3155 Ἰ
79 3126 266 3208 utraque
290 3165 340 3195 re
356 3151 509 3208 paucis
529 3150 760 3195 dicendum
779 3155 859 3195 est.

21 3324 24 3326 .
247 3262 403 3320 Itaque
450 3266 674 3334 externam
722 3275 974 3307 sermonum
1020 3259 1352 3306 Platonicorum
1401 3260 1589 3303 formam
1631 3270 1762 3301 nexno

35 3359 37 3363 ’
79 3346 366 3404 ignorat-fere
391 3362 492 3394 eam
515 3362 627 3401 esse,
656 3362 770 3405 quae
789 3361 925 3406 prope
944 3346 1125 3406 accedat
1144 3346 1199 3389 ad
1219 3345 1470 3389 fabularum
1490 3341 1763 3387 scenicarum

1075 3431 1189 3473 *¹1¹*
1233 3435 1271 3488 2
