2040 3646
283 181 356 245 66
919 183 923 186 ⁴
948 173 1311 232 *PLATONxs

284 311 521 392 ρόμενον
548 305 688 369 αὐτὸ
713 306 866 370 αὐτῶ
890 307 1302 389 ξυμφέρεσθαι,
1362 310 1542 420 ὥςπερ
1581 312 1849 394 ἁρμονίαν
1881 318 1976 379 τό-

285 397 390 470 ξου
411 417 467 456 τε
493 395 593 454 καὶ
613 392 807 504 λκυρας.
851 396 962 456 ἔστι
982 398 1042 455 δὲ
1066 396 1263 507 πολλὴ,
1263 398 1467 506 ἀλογία
1502 399 1770 476 ἁρμονίαν
1801 402 1978 481 φάναι

284 478 698 561 διαφέρεσθαι
671 506 710 561 η
733 481 791 540 ἐκ
812 484 1144 560 διαφεροιιει
1146 507 1223 543 ων
1246 484 1321 544 ἔτι
1342 492 1496 544 εἰναι.
1540 484 1659 545 ἄλλ’
1695 488 1826 561 ἴσως
1850 487 1977 548 τόδε

284 565 541 645 ἐβούλετο
580 565 786 644 λέγειν,
829 563 925 626 ὅτι
964 568 1023 626 ἐκ
1065 570 1475 648 διαφερομένων
1507 571 1806 650 πρότερον,
1871 579 1978 633 τοῦ

213 651 442 729 Βόξέος
461 651 557 710 καὶ
576 652 802 730 βαρέος,
856 651 1035 711 ἔπειτα
1058 650 1294 732 ὕστερον
1306 653 1787 760 ὁμολογησάντων
1814 658 1973 737 γέγο-

259 743 377 799 νἐν
411 733 530 798 ὑπὸ
566 741 686 817 τῆς
703 742 976 816 μουσικῆς
997 737 1202 819 τέχνης.
1247 762 1321 799 ου
1356 765 1460 846 γαρ
1485 741 1705 850 δηπουῆ
1694 742 1753 801 ἐκ
1779 747 1974 822 διαφε-

258 822 534 902 ρομένων
557 844 616 901 γε
641 822 717 882 ε’τι
738 827 844 882 τοῦ
869 820 1023 895 ὀξέος
1061 827 1155 884 καὶ
1180 825 1378 903 βαρέος
1411 825 1644 904 ἁρμονία
1668 824 1737 888 ἄν
1769 830 1870 909 εἴη.
1933 853 1973 908 ‘¹1

260 905 387 989 yde
416 905 655 986 ἁρμονία
673 909 981 987 συμφωνία
1001 908 1140 982 ἐστί,
1180 913 1505 1019 συμφωνία
1501 914 1560 972 δὲ
1581 910 1851 991 ὁμολογία
1873 933 1972 986 τις·

266 992 580 1072 ’ὁμολογίαν
629 994 688 1052 δὲ
732 993 792 1052 ἐκ
827 995 1268 1072 διαφερομένων,
1345 998 1444 1069 ἕως
1481 1021 1549 1058 αν
1586 998 1973 1076 διαφέρωνται,

266 1077 560 1150 αδύνατον
578 1074 738 1157 εἶναι·
782 1077 1181 1156 διαφερόμενον
1219 1082 1278 1139 δὲ
1315 1083 1391 1141 αὐ
1424 1084 1518 1141 καὶ
1558 1081 1634 1163 μὴ
1658 1080 1975 1162 ὁμολογουν

257 1162 562 1227 ἀδύνατον
582 1156 838 1241 ἁρμόσαι.
881 1159 1058 1240 ὥςπερ
1080 1187 1139 1243 γε
1164 1165 1258 1224 καὶ
1285 1164 1550 1244 ὃρυθμὸς
1572 1167 1631 1226 ἐκ
1656 1173 1762 1227 τοῦ
1782 1168 1976 1245 ταχέος

213 1261 260 1316 C
280 1251 375 1309 καὶ
403 1247 639 1327 βραδέος
658 1247 1087 1327 διενηνεγμένων
1109 1249 1409 1329 πρότερον,
1464 1249 1699 1329 ὕστερον
1735 1254 1796 1311 δὲ
1833 1251 1971 1329 ὃμο-

259 1332 632 1438 ’λογησαντων
643 1332 845 1412 γέγονε.
887 1329 994 1412 τὴν
1019 1334 1079 1392 δὲ
1108 1331 1405 1414 ὁμολογίαν
1427 1342 1562 1396 πᾶσι
1583 1335 1820 1416 τούτοις,
1863 1361 1972 1410 ως-

279 1437 384 1500 περ
410 1415 569 1478 ἐκεί
535 1443 573 1499 η
600 1416 817 1498 ἰατρική
832 1460 848 1491 ,
893 1416 1193 1477 ἐνταῦθα
1159 1443 1197 1497 η
1221 1419 1462 1502 μουσικὴ
1489 1420 1868 1502 ἐντίθησιν,”
1837 1445 1974 1526 ερω-

255 1503 350 1565 Ῡτα
376 1506 478 1564 καὶ
524 1501 794 1580 ὁμόνοιαν
824 1500 1102 1583 αλλήλοις
1147 1505 1506 1585 ἐιιποιήσασα’
1579 1509 1674 1566 καὶ
1710 1507 1856 1567 ἔστιν
1894 1531 1973 1567 av

279 1586 524 1669 μουσικὴ
559 1589 685 1666 περὶ
720 1586 988 1666 ἁρμονίαν
1017 1590 1111 1647 καὶ
1145 1588 1369 1667 ρυθμὸν
1392 1592 1660 1668 ἐρωτικων
1683 1589 1971 1672 ἐπιστήμη.

277 1676 374 1736 καὶ
397 1675 454 1737 ἐν
477 1673 578 1753 μέν
597 1697 656 1754 γε
682 1670 829 1752 αυτῇ
851 1678 921 1753 τῇ
945 1672 1209 1735 συστάσει
1235 1673 1499 1756 ἁρμονίας
1531 1697 1587 1737 τε
1617 1678 1711 1737 καὶ
1737 1675 1971 1757 ῥυθμοῦ

334 1870 520 1940 γέγονεν
551 1864 646 1915 υπὸ
681 1868 764 1926 τῆς
801 1880 935 1926 μονσ.
961 1866 1152 1939 τέχνης]
1207 1871 1293 1915 His
1321 1870 1499 1915 additur
1520 1871 1661 1929 vulgo
1697 1866 1732 1941 ἦ
1754 1865 1971 1929 ἁρμονία,

276 1931 396 1987 quod
420 1928 770 1974 additamentum
786 1932 907 1972 recte
928 1928 1136 1974 omittunt
1158 1928 1266 1973 libri
1288 1929 1444 1986 optimi
1466 1934 1598 1986 atque
1615 1928 1816 1987 plurimi.

274 2068 472 2114 voluisse
487 2069 773 2113 Heraclitus.
821 2067 870 2112 in
894 2072 987 2112 tota
1018 2082 1091 2112 re·-

275 2142 377 2171 rum
387 2128 673 2177 universitate
695 2129 827 2182 (haec
845 2128 963 2169 enim
975 2141 1091 2169 nunc

274 2193 461 2228 vocatur
477 2179 528 2228 τὸ
555 2178 623 2240 ἕν)
649 2186 766 2227 hanc
786 2184 1005 2227 dominari
1024 2184 1091 2226 le·-

273 2245 413 2299 gem,¹
448 2247 498 2284 ut
519 2242 741 2285 contraria
764 2248 960 2298 pugnent
987 2255 1089 2283 cum

275 2299 534 2351 contrariis,
580 2299 641 2342 ita
671 2304 841 2351 tamen,
882 2303 932 2341 ut
958 2312 1010 2341 ea
1040 2312 1087 2340 se

273 2369 363 2398 non
387 2357 548 2400 tollant
566 2355 785 2409 invicem,
816 2356 891 2398 sed
916 2355 962 2397 in
989 2356 1086 2411 ipso

273 2413 517 2456 certamine
564 2419 609 2456 et
639 2427 792 2469 pugna
823 2413 1088 2455 concordent

273 2471 331 2513 ad
354 2483 579 2526 unumque
611 2471 744 2512 finem
769 2475 964 2513 extremo
990 2474 1085 2512 ten-

272 2527 404 2570 dant:
433 2542 612 2583 prorsus
634 2533 683 2570 ut
705 2527 866 2570 fidibus
890 2529 1013 2584 lyrae
1038 2527 1083 2569 in

271 2584 472 2628 diversas
514 2590 659 2640 partes
698 2584 877 2627 intentis
917 2583 1084 2626 efficia-

269 2643 370 2694 tur,
408 2647 459 2683 ut
477 2656 608 2683 sonus
631 2646 675 2683 et
707 2641 942 2684 harmonia
969 2640 1084 2682 exsi-

267 2702 382 2751 stat,
411 2703 489 2741 aut
512 2698 658 2740 nervis
681 2712 809 2741 arcus
832 2699 877 2740 in
907 2702 1082 2740 contra-

267 2754 359 2797 rias
383 2762 532 2810 partes
567 2755 787 2798 distractis
819 2755 914 2797 eius
937 2755 1081 2797 inten-

268 2811 333 2853 tio
357 2813 575 2867 quaedam
601 2811 783 2855 oriatur.
814 2814 961 2869 Quam
981 2812 1081 2866 qui-

269 2867 372 2910 dem
409 2868 671 2911 sententiam
709 2873 906 2912 nostram
943 2869 1079 2911 etiam

265 2922 381 2967 illud
411 2926 674 2976 confirmare
704 2926 899 2978 videtur,
962 2925 1080 2981 quod

264 2980 505 3025 harmonia
529 2982 636 3035 illa,
666 2997 800 3038 quam
824 2982 1079 3025 Heraclitus

266 3037 314 3080 in
340 3052 492 3080 rerum
522 3045 681 3082 natura
710 3040 854 3082 inesse
878 3041 1077 3095 putabat,

265 3101 449 3138 vocatur
469 3097 757 3146 παλίντονος.
814 3096 995 3138 Accedit
1012 3103 1077 3138 te·-

261 3152 520 3195 stimonium
560 3153 851 3209 Simplicii
892 3151 948 3196 ad
977 3152 1081 3195 Ari-

261 3214 364 3254 stot.
355 3210 522 3279 Phys.
546 3225 587 3265 p.
614 3210 683 3253 11
710 3224 750 3252 ιι.
792 3207 1072 3253 ἐνεδείκνυτο

261 3263 314 3309 δὲ
334 3261 663 3334 (Ἡρακλειτος)
695 3262 778 3322 τὴν
801 3264 850 3309 ἐν
869 3269 926 3324 τῇ
954 3265 1073 3321 γενέ-

260 3335 330 3367 σει
352 3321 630 3380 ἐναρμόνιον
662 3323 786 3378 μίξιν
817 3325 911 3365 τῶν
943 3324 1071 3367 ἐναν-

256 3380 384 3423 τίων.
442 3382 768 3422 Commemorat
788 3385 935 3422 autem
959 3382 1071 3436 Ery-

255 3436 486 3481 ximachus
516 3438 603 3481 hoc
634 3438 846 3493 placitum
873 3438 1070 3493 philoso-

1155 2068 1236 2125 phi
1253 2069 1339 2112 hoc
1356 2069 1455 2112 loco
1479 2068 1558 2122 sic,
1587 2073 1640 2113 ιιι
1655 2068 1768 2113 illud
1788 2068 1965 2115 nonnisi

1155 2128 1210 2169 ad
1244 2127 1460 2169 musicam
1492 2128 1751 2178 transferat,
1791 2129 1846 2170 de
1878 2141 1968 2183 qua

1155 2185 1302 2226 dicere
1336 2184 1609 2235 instituerat,
1661 2160 1778 2228 und'e
1806 2185 1967 2228 deinde

1153 2246 1252 2297 post
1275 2240 1324 2284 ἐκ
1358 2240 1706 2312 διαφερομένων
1734 2241 1967 2300 πρότερον

1153 2298 1275 2341 addit
1311 2298 1448 2341 verba
1485 2298 1571 2342 τοῦ
1603 2293 1733 2352 ὀξέος
1761 2299 1842 2343 καὶ
1862 2300 1962 2367 βα-

1153 2353 1279 2414 ρέος,
1335 2368 1448 2410 quae
1478 2356 1644 2399 frustra
1670 2355 1756 2399 fuit
1798 2356 1877 2413 qui
1914 2355 1962 2399 in

1150 2413 1427 2479 glossematis
1448 2413 1745 2468 suspicionem
1770 2418 1962 2458 vocaret.

1150 2469 1320 2513 Poterit
1363 2473 1513 2512 autem
1550 2483 1603 2512 ex
1643 2470 1715 2512 his
1750 2469 1962 2526 intelligi,

1149 2540 1237 2625 auo
1257 2527 1353 2568 iure
1383 2525 1703 2592 Etryximachus
1719 2502 1962 2582 reprehen-

1179 2589 1223 2626 at
1246 2582 1545 2625 Heraclitum·
1585 2597 1667 2624 nec
1700 2583 1960 2627 existiman-

1146 2641 1252 2683 dum
1287 2645 1351 2682 est
1385 2639 1618 2682 Platonem
1660 2652 1763 2682 eum
1796 2641 1956 2684 fecisse

1144 2697 1256 2740 haec
1270 2696 1485 2738 dicentem
1510 2696 1600 2738 alia
1615 2696 1671 2739 de
1690 2710 1838 2750 causa,
1867 2698 1957 2741 nisi

1143 2760 1194 2796 ut
1223 2753 1347 2798 inani
1374 2753 1459 2795 hac
1496 2753 1722 2796 doctrinae
1765 2759 1959 2798 ostenta-

1142 2811 1286 2863 tione,
1329 2810 1506 2865 qualem
1526 2810 1662 2853 etiam
1682 2812 1956 2854 Pausaniam

1143 2871 1383 2911 sectantem
1402 2867 1607 2919 vidimus,
1634 2872 1863 2913 notaretur
1881 2883 1956 2913 so-

1142 2924 1391 2994 phistarum
1418 2937 1491 2967 ars
1511 2924 1719 2967 oratoria.

1199 2983 1252 3024 Β.
1313 2996 1515 3039 ωςπεργ
1489 2996 1538 3036 γε
1570 2980 1649 3024 καὶ
1681 2977 1708 3025 ὁ
1738 2978 1952 3050 ῥυθμός]

1142 3037 1208 3080 cf.
1244 3038 1420 3082 Phileb.
1454 3054 1498 3096 p.
1519 3038 1590 3082 26.
1619 3037 1673 3081 A.
1696 3053 1759 3094 sq.
1799 3039 1955 3095 ibique

1138 3101 1287 3140 annot.

1198 3153 1246 3198 C
1297 3150 1378 3197 καὶ
1405 3149 1453 3196 ἐν
1458 3150 1554 3220 μέν
1573 3165 1624 3207 γε
1643 3145 1762 3208 αὐτῇ
1785 3151 1843 3210 τῇ
1870 3164 1950 3196 συ-

1141 3208 1328 3262 στάσει]
1367 3210 1419 3252 In
1456 3208 1562 3265 ipsis
1580 3197 1827 3251 rationibus
1849 3223 1950 3251 mu-

1138 3268 1267 3319 sicis,
1297 3267 1340 3308 h.
1365 3282 1403 3307 e.
1437 3266 1483 3308 in
1507 3266 1742 3308 harmonia
1769 3271 1814 3307 et
1839 3266 1948 3333 rhy-

1136 3324 1275 3374 thmo,
1305 3324 1430 3365 nullo
1452 3323 1630 3379 negotio
1652 3320 1715 3365 ait
1735 3337 1786 3363 co
1824 3337 1926 3364 nos«
1930 3337 1946 3364 ι

1134 3386 1179 3422 et
1207 3356 1498 3423 animadverti
1534 3392 1661 3445 posse
1695 3374 1753 3421 τὰ
1789 3336 1946 3437 ἔρωτι-

1134 3434 1219 3491 κά,
1259 3436 1304 3480 h.
1327 3451 1366 3480 e.
1407 3449 1520 3494 quae
1548 3435 1637 3481 sint
1668 3450 1861 3481 consona
1899 3439 1943 3478 et
