2040 3646
592 174 688 226 AD
725 171 1204 225 PHAEDONEM.
1682 173 1752 229 13

63 325 148 369 gun
179 310 268 354 sibi
299 308 565 354 adiunctum‘
580 308 738 361 habet,
788 307 1022 350 accedente
1050 307 1201 349 calore
1232 304 1449 349 dilabitur
1482 318 1625 361 neque
1654 303 1752 347 ullo

64 382 195 426 modo
216 396 320 424 eum
339 382 419 424 illo
445 376 719 423 conciliatur.
777 380 924 434 Atque
952 378 1065 421 haec
1101 378 1280 433 quidem
1307 377 1365 421 ad
1385 375 1586 420 animum
1607 379 1753 420 trans-

63 456 287 498 feramus.·
328 455 408 496 Est
427 466 532 494 vero
550 450 626 493 hic
646 450 710 494 ita
742 454 902 492 natura
930 463 1010 492 sua
1037 452 1341 504 comparatus,
1380 451 1430 490 ut
1456 447 1504 490 in
1527 447 1755 504 quodcun-

64 539 152 580 que
176 538 334 580 corpus
369 521 666 580 ingrediatur,
715 521 825 563 illuc
847 535 1019 576 semper
1035 534 1199 562 secum
1227 519 1385 562 afferat
1415 518 1569 564 vitam.
1626 519 1754 574 Quae

67 610 169 637 cum
195 594 331 637 morti
355 593 413 637 sit
447 593 647 650 opposita
674 597 719 634 et
746 591 996 643 contraria,
1046 594 1239 647 apparetv
1255 604 1312 632 ne
1343 589 1543 633 animum
1573 589 1755 644 quidem

65 668 182 708 ferre
205 670 282 708 aut
302 665 395 722 pati
413 679 608 720 unquam
617 666 809 706 mortem
830 677 973 718 posse.
1013 661 1257 716 -Quidquid
1281 665 1431 704 autem
1452 666 1754 704 mortem'non

65 737 282 790 admittit,
310 736 357 778 id
382 740 449 778 est
471 735 737 777 immortale.
795 735 863 775 Ex
897 746 984 788 quo
1009 731 1207 776 animum
1243 731 1512 788 intelligitur
1543 746 1638 776 esse
1669 730 1754 774 im-
1792 739 1806 757 *³

66 809 301 852 mortalem
319 820 464 862 neque
485 819 682 861 unquam
703 804 1001 847 interiturum.
1683 814 1686 817 ’

170 907 172 910 -
233 879 341 934 Gap.
358 876 468 919 LVI.
488 877 541 918 B.
581 874 730 938 Finita
747 875 834 917 hac
858 873 1053 917 Socratis
1080 873 1280 918 oratione
1301 873 1458 926 Cebes,
1495 873 1611 916 mihi
1629 887 1752 926 vero,

65 949 230 1006 inquit,
257 948 387 1004 plane
404 945 663 1003 persuasisti
685 945 886 988 animum
915 958 1012 987 esse
1031 944 1236 988 interitus
1261 950 1485 1000 expertem
1515 949 1648 1000 atque
1683 958 1756 986 re·-

66 1035 175 1063 vera
191 1020 391 1062 futurum
413 1030 508 1060 esse
541 1017 658 1072 apud
679 1016 856 1059 inferos.
894 1016 1002 1059 ⁴Sed
1022 1015 1061 1058 si
1082 1031 1186 1068 vos,
1230 1015 1387 1069 amici,
1429 1015 1606 1059 habetis
1636 1015 1760 1070 quod>

66 1095 218 1134 contra
239 1087 433 1133 Socratis
451 1087 793 1143 disputationem
811 1086 1027 1130 moneatis
1041 1118 1055 1139 ,
1095 1087 1234 1130 nolite
1260 1086 1374 1129 illud
1400 1086 1602 1129 reticere.
1668 1085 1758 1129 Ne-

67 1176 155 1219 que
179 1159 298 1203 enim
332 1163 506 1215 tempus
530 1158 675 1215 magis
700 1163 1020 1214 opportunum,
1063 1173 1152 1214 quo
1179 1157 1233 1200 de
1255 1158 1330 1200 his
1352 1159 1488 1219 rebus
1511 1158 1586 1200 vel
1609 1156 1758 1199 dicere
1804 1171 1809 1175 V

67 1233 139 1276 vel
167 1231 323 1275 audire
349 1229 518 1285 aliquid
536 1229 724 1285 cupiatis
733 1235 770 1283 ,f
783 1243 979 1285 unquam
999 1229 1196 1272 redierit.
1255 1230 1376 1272 Tum
1404 1243 1511 1272 vero
1532 1228 1762 1280 Simmias,

69 1308 113 1348 at
138 1317 280 1359 neque
313 1316 426 1359 ego,
476 1300 649 1356 inquit,
689 1301 835 1343 habeo
849 1301 966 1357 quod
985 1300 1064 1353 iis,
1105 1314 1218 1355 quae
1237 1299 1460 1356 disputata
1489 1303 1618 1352 sunt,
1664 1299 1758 1342 iam

67 1375 233 1431 possim
260 1386 494 1430 opponere.
561 1372 856 1414 Veruntamen
887 1371 1035 1414 nescio
1058 1371 1164 1427 quid
1199 1371 1316 1414 mihi
1343 1370 1391 1414 in
1414 1370 1563 1414 animo
1592 1370 1761 1414 residet

68 1445 267 1501 scrupuli
285 1449 329 1503 et
345 1442 655 1495 dubitationis,
685 1441 782 1484 sive
807 1443 924 1498 quod
941 1442 1032 1495 rei,
1063 1457 1175 1498 quae
1195 1443 1369 1498 agitm,
1397 1442 1659 1498 magnitudo
1685 1455 1764 1484 me*

69 1516 321 1573 perturbat,
350 1514 444 1558 sive
469 1514 586 1569 quod
607 1513 907 1556 humanarum
935 1513 1100 1556 virium
1129 1513 1416 1557 imbecillitas
1449 1513 1626 1556 videtur
1655 1526 1760 1569 pro-

68 1587 252 1639 hibere,
290 1576 525 1641 quominus
552 1584 609 1627 ad
643 1588 809 1628 certam
839 1585 1002 1627 harum
1025 1599 1178 1628 rerum
1204 1585 1505 1642 cognitionem
1530 1583 1761 1640 pervenia-

68 1672 181 1701 mus.
220 1657 378 1700 Recte
396 1660 446 1700 tu
471 1655 673 1711 quidem,
701 1655 847 1710 inquit
871 1655 1087 1699 Socrates.
1145 1656 1259 1700 Nam
1294 1660 1341 1699 et
1362 1657 1417 1698 de
1434 1656 1523 1698 hoc
1553 1655 1761 1699 dubitan-
1803 1668 1806 1672 ’

70 1729 176 1773 dum
196 1731 287 1781 est,
317 1731 361 1770 et
375 1727 430 1769 de
458 1725 752 1770 sumtionib'us
772 1731 816 1769 et
843 1726 1098 1783 principiis,
1139 1728 1255 1770 unde
1272 1741 1374 1770 mea
1393 1726 1631 1783 disputatio
1658 1740 1762 1782 pro-

68 1801 184 1842 fecta
201 1782 290 1851 est,
319 1796 576 1855 diligentius
599 1798 913 1852 quaerendum.
973 1799 1104 1853 Quod
1126 1800 1206 1842 ubi
1224 1798 1442 1851 feceritis,
1480 1797 1760 1854 pervenietis,

18 1879 20 1881 ’
71 1870 254 1927 opinor,
297 1869 354 1912 ad
386 1873 556 1913 tantam
581 1883 705 1925 spem
735 1868 1112 1923 immortalitatis,
1162 1874 1327 1925 quanta
1354 1868 1551 1913 maxima
1585 1867 1769 1912 homini·

70 1941 327 1997 contingere
345 1944 500 1996 potest.

237 2012 346 2066 Cap.
373 2011 494 2053 LVII
520 2035 578 2043 -
609 2010 749 2054 an.
828 2010 1014 2054 Animus
1046 2011 1187 2068 igitur
1220 2026 1358 2067 quum
1390 2009 1655 2054 immortalis
1687 2008 1760 2061 sit,

71 2096 230 2139 operae
260 2079 454 2137 pretium
481 2084 571 2134 est,
614 2086 641 2124 o
674 2080 833 2135 amici,
874 2086 925 2124 ut
949 2080 1134 2138 quisque
1163 2082 1210 2124 in
1231 2083 1317 2125 hac
1347 2082 1440 2126 vita
1461 2082 1634 2124 studeat
1657 2094 1761 2122 eum

0 2183 1 2186 =
71 2154 221 2210 aptum
243 2151 428 2194 reddere
451 2151 792 2196 immortalitati.
848 2153 963 2196 Nam
981 2159 1079 2209 post
1103 2158 1295 2195 mortem
1317 2167 1398 2196 sua
1423 2166 1642 2208 quemque
1665 2165 1761 2194 ma-

0 2262 10 2283 „
69 2230 146 2268 net
175 2237 294 2276 sors,
321 2214 440 2265 laeta
459 2222 542 2266 illa
570 2227 646 2265 aut
671 2222 810 2266 tristis
845 2223 1018 2276 futura,
1071 2226 1202 2279 prout
1233 2222 1332 2278 quis
1363 2223 1502 2266 animi
1530 2237 1683 2266 curam
1712 2222 1769 2264 in·

0 2292 10 2347 ἶ
70 2297 156 2339 hac
184 2294 275 2338 vita
307 2293 507 2351 gesserit.
563 2294 734 2336 Ferunt
760 2294 880 2336 enim
913 2308 941 2337 a
974 2295 1188 2337 daemone
1221 2307 1441 2349 quemque
1474 2307 1554 2337 suo
1581 2293 1629 2336 in
1655 2307 1760 2336 eum

0 2354 4 2407 '5
71 2366 230 2410 deduci
251 2365 424 2422 locum,
453 2364 535 2407 ubi
552 2365 606 2407 de
628 2364 815 2408 mortuis
838 2369 1095 2408 exerceatur
1119 2363 1356 2417 iudicium,
1396 2363 1586 2420 indeque
1610 2364 1761 2408 audita

2 2426 11 2466 ‘3
70 2437 268 2481 iudicum
289 2435 504 2479 sententia
521 2436 703 2491 perduci
725 2450 800 2488 eo,
840 2434 920 2479 ubi
948 2436 1036 2492 ipsi
1062 2436 1136 2478 vel
1163 2436 1279 2478 male
1302 2435 1387 2477 ‘vel
1415 2436 1529 2478 bene
1559 2437 1771 2478 futurum-¹

72 2509 143 2554 sit.
202 2509 260 2550 Et
282 2507 414 2550 malis
435 2507 612 2562 quidem
630 2507 896 2550 manendum
911 2506 978 2550 ibi
997 2521 1092 2556 esse
1112 2520 1191 2563 per
1213 2509 1383 2548 eertum
1403 2506 1624 2561 quoddam
1648 2511 1770 2550 tem-⁸

4 2567 27 2612 ’τ’
70 2579 192 2636 poris
220 2578 434 2634 spatium,
472 2591 559 2633 quo
587 2583 740 2620 exacto
769 2578 934 2620 reverti
963 2592 1039 2621 eos
1066 2577 1114 2620 in
1142 2576 1419 2620 domicilium
1447 2577 1627 2632 aliquod
1655 2591 1769 2634 poe-1

71 2664 156 2693 nae
185 2649 594 2701 accommodatum3
647 2663 780 2705 puros
809 2653 958 2692 autem
1001 2653 1044 2692 et
1083 2653 1256 2692 sanctos
1284 2647 1456 2691 animos
1483 2648 1530 2690 in
1558 2648 1760 2705 puriores

0 2772 1 2776 Ἰ
72 2735 125 2764 ae
154 2719 434 2762 eoelestiores
460 2719 668 2776 regiones
697 2720 846 2776 evehi,
900 2719 980 2763 ubi
1020 2721 1185 2776 degant
1221 2718 1360 2761 vitam
1387 2733 1492 2761 vere
1521 2720 1760 2763 coelestem

0 2785 1 2789 ¹
73 2796 206 2846 atque
232 2788 442 2832 divinam.
499 2790 644 2845 Atque
671 2789 743 2832 his
786 2791 963 2847 quidem
998 2791 1126 2834 dictis
1167 2789 1335 2834 addidit
1367 2789 1667 2833 narrationem
1704 2791 1772 2833 de·

73 2866 218 2905 terrae
244 2859 525 2916 regionibu8‚
578 2865 673 2902 tum
700 2861 754 2903 de
781 2862 1080 2917 superioribus
1095 2893 1109 2915 ,
1158 2861 1205 2904 in
1244 2859 1408 2916 quibus
1433 2859 1566 2913 iusti,
1612 2861 1773 2916 probi,-

0 2927 4 2992 ᾗ
75 2931 214 2974 sancti
235 2930 463 2986 viverent,
491 2934 589 2973 tum
616 2931 671 2973 de
698 2931 1008 2986 inferioribus,
1037 2932 1117 2975 ubi
1145 2931 1231 2988 qui'
1250 2930 1490 2974 sceleribus
1519 2944 1568 2973 se
1594 2930 1643 2973 in
1669 2931 1759 2975 hae

0 2995 6 3028 ³
74 3001 169 3046 vita
197 3001 618 3054 commaculassent,
646 3003 982 3046 malefactorum
1011 3017 1194 3046 suorum
1220 3003 1394 3044 luerent
1420 3015 1598 3056 poenas,

243 3072 349 3127 Cap.
372 3072 535 3114 LXIII.
575 3073 679 3127 Qua
700 3072 953 3115 narratione
981 3074 1184 3116 absoluta
1210 3074 1297 3115 hoc
1324 3072 1416 3114 fere
1443 3072 1575 3114 modo
1604 3086 1756 3128 perre-

0 3147 1 3152 ’
74 3140 138 3184 xit
165 3141 325 3186 dicere.
398 3143 523 3185 Haec
562 3142 704 3199 igitur
741 3157 877 3198 quum
914 3144 1006 3187 ita.
1014 3144 1121 3197 sint,
1180 3157 1206 3186 o
1236 3141 1394 3194 amici,
1449 3142 1536 3184 hoc
1562 3140 1755 3184 maxime

35 3224 209 3276 agere
238 3225 389 3254 omnes
417 3212 565 3265 decet,
613 3217 664 3256 ut
690 3213 864 3256 virtutis
906 3229 959 3258 ac
996 3214 1237 3271 sapientiae
1272 3213 1318 3255 in
1345 3213 1430 3255 hac
1456 3211 1550 3254 vita
1575 3212 1779 3267 partici-.

26 3294 150 3356 ἳμε
189 3281 438 3324 reddamur.
503 3284 786 3339 Propositum
823 3288 891 3327 est
927 3285 1046 3328 enim
1083 3298 1296 3341 magnum
1335 3281 1595 3326 certaminis
1627 3296 1755 3338 prae-—

26 3329 213 3539 ἒιιιίιιιιι
240 3364 488 3409 magnaque
515 3367 627 3410 spes.
685 3355 951 3412 Quanquam
977 3360 1127 3402 autem
1154 3357 1430 3400 mortuorum
1458 3351 1753 3399 conditionem
1783 3376 1785 3378 -

35 3539 65 3581 er

38 3565 71 3635 J
