2040 3646
403 142 431 153 ‘
1646 156 1799 227 ,xm

81 296 88 300 ’
123 306 243 347 recte
264 301 478 360 colligere
496 301 697 347 videmur
731 312 835 344 eum
865 301 1059 344 extrema
1086 301 1231 344 aetate
1247 297 1427 357 scriptis
1447 297 1539 344 iam
1560 296 1608 344 in
1635 298 1800 357 vulgus

124 388 253 431 editis
287 388 441 431 limam
464 386 720 431 adhibuisse
749 399 889 442 eaque
912 385 1132 442 perpolite
1157 385 1390 430 studuisse.
1447 384 1564 429 Nam
1580 383 1668 440 'qui
1695 397 1800 428 eum

123 472 334 530 suspicati
355 461 455 516 sunt
479 471 687 519 Politiam
712 470 791 514 ino
819 470 996 513 demum
1016 474 1213 527 tempore
1241 469 1538 527 composuisse
1552 501 1566 524 ,
1604 484 1680 514 eos
1703 484 1801 512 cer-2

122 562 218 609 tum
250 562 454 614 putamus
484 557 736 601 coniectura
766 569 795 599 a
814 570 918 598 vero
950 557 1194 598 aberrasse.
1249 555 1402 610 Neque
1435 559 1584 598 tamen
1603 554 1801 612 integros

123 642 225 686 illos
248 657 406 695 annos,
435 642 512 698 qui
535 654 673 697 usque
697 640 754 684 ad
777 640 894 684 vitae
915 640 1049 683 finem
1075 639 1435 692 interfluxerunt,
1472 639 1647 684 videtur
1668 640 1802 688 unice

123 727 419 784 pei-poliendis
434 726 562 769 libris
588 727 678 769 suis
701 724 990 782 impendisse,
1037 724 1115 767 sed
1138 724 1260 768 haud
1290 722 1424 766 dubie
1444 724 1580 769 etiam
1607 725 1656 768 in
1676 740 1802 769 sene·

122 817 241 856 ctute
267 825 382 854 nova
416 810 610 854 condidit
641 809 811 866 ingenii
841 809 911 852 sui
943 814 1241 853 monumenta.
1299 810 1427 865 Quae
1448 809 1598 864 qualia
1621 811 1803 865 fuerint,

121 897 205 950 etsi
237 911 323 939 non
352 901 493 952 potest
517 901 637 938 certo
668 893 867 948 definiri,
912 898 1061 938 tamen
1082 893 1336 938 coniectura
1356 893 1531 949 assequi
1551 908 1800 950 possumus.

119 981 493 1026 Perlustrantibus
527 980 646 1023 enim
680 978 808 1024 nobis
844 993 1020 1022 omnem
1040 979 1368 1023 Platonicorum
1396 978 1615 1023 librorum
1643 978 1801 1023 nume-

119 1080 221 1119 rum
256 1079 427 1121 semper
456 1065 603 1109 visum
638 1069 704 1108 est
734 1078 842 1120 opus
872 1064 926 1107 de
953 1063 1131 1121 legibus
1152 1066 1364 1121 scriptum
1383 1079 1472 1108 non
1493 1066 1637 1108 solum
1658 1065 1799 1108 senile

121 1150 329 1206 quiddam
360 1150 552 1203 habere,
601 1149 718 1207 quod
741 1163 770 1192 a
801 1153 1051 1193 ceterorum
1084 1149 1301 1192 librorum
1325 1148 1482 1206 vigore
1505 1156 1550 1194 et
1570 1156 1799 1195 venustate

118 1235 358 1292 plurimum
378 1235 580 1292 distaret,
610 1235 686 1278 sed
711 1233 846 1277 etiam
875 1233 998 1290 quasi
1016 1234 1275 1278 confirmare
1298 1235 1597 1297 narrationem
1627 1250 1797 1293 eorum,

121 1322 198 1377 qui
220 1323 470 1373 Platonem,
501 1324 734 1377 postquam
757 1319 938 1362 tertium
957 1317 1004 1377 in
1026 1319 1215 1375 patriam
1232 1319 1456 1376 rediisset,
1474 1299 1693 1366 animum
1720 1322 1799 1366 ad-

119 1406 302 1450 vertisse
338 1410 382 1448 et
412 1409 621 1461 tanquam
649 1420 704 1449 ex
731 1405 932 1448 idearum
960 1404 1244 1447 meditatione
1274 1404 1497 1448 remisisse
1528 1407 1801 1453 tradiderunt

120 1492 176 1535 ad
209 1505 358 1533 rerum
385 1490 704 1546 humanarum,
761 1491 913 1546 quales
941 1503 990 1531 re
1025 1504 1130 1533 vera
1151 1494 1320 1543 essent,
1371 1492 1798 1548 contemplationem.

71 1568 74 1573 ¹
120 1577 251 1633 Quod
276 1575 454 1632 quidem
476 1575 644 1618 nemini
668 1574 832 1618 mirum
856 1574 995 1618 videri
1023 1579 1189 1630 potest,
1240 1573 1318 1631 qui
1355 1589 1506 1618 secum
1529 1578 1800 1632 reputaverit

118 1665 214 1707 tum
234 1675 382 1704 rerum
407 1675 556 1715 usum,
584 1665 679 1703 tum
704 1659 846 1716 ipsam
875 1665 1146 1703 senectutem
1165 1659 1300 1703 etiam
1322 1661 1804 1717 praestantissimorum

117 1746 351 1790 hominum
373 1744 544 1790 animos
578 1747 635 1789 ab
663 1745 746 1798 iis,
789 1759 900 1800 quae
926 1745 1032 1788 solis
1060 1745 1230 1802 ingenii
1256 1744 1428 1798 viribus
1452 1745 1729 1791 continentur
1754 1754 1800 1794 et

117 1846 208 1875 una
227 1830 387 1874 mentis
407 1829 652 1888 agitatione
671 1829 994 1887 percipiuntur,
1022 1845 1229 1873 revocare
1249 1831 1390 1874 solere
1412 1830 1469 1875 ad
1501 1831 1697 1875 sobriam
1723 1848 1801 1876 co·-

117 1916 379 1975 gitationem
401 1931 552 1960 earum
575 1929 741 1970 rerum,
768 1927 881 1972 quae
897 1912 944 1958 in
964 1914 1059 1971 ipsa
1077 1915 1171 1959 vita
1190 1912 1388 1960 humana
1408 1921 1646 1959 cernuntur
1666 1922 1799 1974 atque

118 2018 205 2046 non
234 2006 427 2045 mentem
460 2005 661 2054 tantum,
699 2002 775 2045 sed
799 2001 934 2045 etiam
969 2015 1121 2044 sensus
1148 2001 1329 2057 propius
1351 1997 1587 2058 attingunt.
1642 2004 1800 2059 Itaque

118 2084 409 2146 philosophus
430 2100 567 2142 quum
589 2086 698 2129 olim
717 2090 863 2129 mente
883 2091 927 2130 et
946 2085 1214 2143 cogitatione
1241 2086 1501 2140 plerumque
1518 2085 1565 2130 in
1594 2086 1798 2132 idearum

118 2167 318 2216 doctrina
333 2175 447 2213 esset
467 2175 667 2214 versatus
681 2202 694 2224 ,
731 2175 942 2228 vergente
959 2175 1113 2214 aetate*
1132 2168 1278 2226 potius
1309 2166 1365 2213 ad
1390 2170 1533 2226 ipsam
1562 2172 1798 2218 hominum

116 2258 256 2302 vitam
284 2252 646 2300 considerandam
675 2255 873 2299 animum
905 2254 1089 2309 adiecit,
1129 2259 1179 2297 ut
1200 2254 1326 2310 quasi
1358 2261 1630 2311 compararet
1653 2257 1796 2315 ipsam

114 2351 265 2388 rerum
284 2336 518 2385 veritatem
540 2353 641 2383 cum
665 2341 862 2385 doctrina
880 2341 982 2394 illa,
1019 2353 1154 2396 quam
1187 2341 1296 2383 olim
1314 2336 1452 2383 divini
1474 2338 1645 2399 ingenii
1663 2345 1798 2388 bene-

113 2428 216 2473 ficio
245 2430 290 2471 et
323 2441 406 2483 ope
437 2425 704 2471 condiderat.
763 2429 914 2483 Quum
936 2436 1058 2478 vero,
1092 2425 1349 2482 priusquam
1377 2422 1615 2471 Academia
1639 2424 1798 2474 relicta

116 2514 164 2559 iu
180 2513 383 2559 Siciliam
405 2507 567 2555 iterum
592 2511 865 2569 navigasset,
904 2507 1166 2556 admirabile
1192 2510 1304 2554 illud
1337 2526 1466 2567 opus,
1516 2513 1635 2568 quod
1652 2517 1718 2560 est
1739 2515 1796 2558 de

116 2599 283 2656 optima
316 2597 518 2652 civitate,
574 2598 912 2654 composuisset,
968 2602 1014 2639 et
1040 2599 1194 2652 postea
1228 2595 1425 2639 animum
1456 2593 1512 2639 ad
1540 2611 1611 2640 res
1641 2594 1795 2642 civiles

115 2682 373 2740 aequalium
395 2694 574 2726 suorum
597 2681 822 2727 advertere
843 2680 969 2739 quasi
988 2681 1248 2724 necessitate
1262 2681 1451 2737 quadam
1471 2686 1647 2725 coactus
1665 2688 1793 2740 esset,

115 2769 302 2813 eundem
320 2768 451 2811 illum
472 2769 621 2812 locum
651 2769 794 2812 denuo
818 2767 1022 2812 tractavit
1045 2767 1089 2810 iu
1109 2778 1162 2809 eo
1194 2763 1337 2820 libro,
1381 2778 1514 2822 quem
1543 2767 1608 2810 de
1638 2768 1796 2824 legi—

114 2857 220 2899 bus
248 2851 491 2910 inscripsit,
532 2852 578 2896 in
598 2868 685 2909 quo
708 2850 764 2897 ab
787 2854 946 2897 ultima
967 2849 1159 2909 *optimae
1183 2849 1373 2896 civitatis
1394 2850 1535 2895 forma
1554 2848 1794 2911 descendit,

115 2943 247 2994 atque
264 2934 329 2982 ita
347 2951 443 2980 rem
464 2936 677 2990 instituit,
717 2942 767 2981 ut
787 2940 909 2997 leges
931 2935 1156 2995 scripsisse
1187 2935 1410 2980 videretur
1423 2965 1437 2990 ,
1479 2949 1592 2993 quae
1617 2941 1794 2994 possent

112 3024 162 3067 in
184 3023 319 3067 vitam
340 3019 573 3067 hominum
592 3019 877 3080 introduci*)⁴
936 3025 1037 3081 Qua
1055 3023 1102 3067 in
1130 3033 1180 3066 re
1208 3018 1291 3066 etsi
1318 3017 1382 3067 ita
1400 3027 1597 3067 versatus
1616 3026 1706 3077 est,
1743 3026 1793 3066 ut

169 3357 208 3414 ·)
236 3327 295 3402 ν.ι
310 3354 453 3418 Legg.
478 3356 527 3404 V.
550 3370 593 3419 p.
618 3354 717 3404 739.
745 3354 844 3404 m.
866 3371 909 3417 p.
928 3354 1028 3406 80⁴1.
