2040 3646
287 188 356 244 10
927 178 1342 231 PRAEFATIO

275 317 364 362 tibi
388 313 564 359 molesti
592 312 730 355 simus
754 316 934 369 propter
952 311 1256 356 imminentem
1279 311 1590 356 calamitatem.
1648 313 1735 357 luo
1762 329 1867 358 vero
1899 315 1972 359 bis

281 387 444 433 auditis
466 385 626 428 leniter
649 383 909 437 subridens,
947 398 1115 441 papae,
1145 383 1317 440 inquit,
1355 384 1569 438 Simmia,
1608 399 1745 442 aegre
1778 387 1971 442 protecto

280 459 384 504 aliis
420 463 573 514 potero
602 455 867 513 persuadere
914 469 987 499 me
1019 461 1207 498 mortem
1237 469 1325 499 non
1358 455 1405 498 in
1438 456 1570 499 malis
1605 456 1793 510 babere,
1834 471 1972 512 quum

279 545 358 573 vos
381 529 490 573 adeo
513 525 782 580 vereamini,
812 541 868 570 ne
891 525 1004 570 mibi
1029 536 1145 571 nunc
1171 527 1226 569 de
1245 525 1317 569 his
1342 528 1477 570 rebus
1500 527 1714 569 disserere
1736 524 1973 570 molestum

279 601 351 647 eit.
408 600 564 654 ltaque
583 612 658 641 eos
681 597 824 641 amice
845 597 1100 641 cohortatus
1133 606 1222 650 est,
1270 602 1320 640 ut
1345 597 1384 640 si
1414 611 1527 653 quae
1556 597 1663 654 ipsis
1691 598 1828 642 dubia
1851 599 1972 642 vide-

279 679 459 724 rentur,
489 684 542 714 ea
569 684 624 713 ne
647 668 900 712 dubitarent
925 683 1155 725 exponere.
1214 667 1401 712 Etiamsi
1430 668 1548 711 enim
1583 674 1752 712 certam
1773 670 1975 725 explora-

280 750 459 799 tamque
480 739 823 783 immortalitatis
842 740 1074 785 scientiam
1099 740 1144 783 in
1166 740 1252 783 hae
1272 739 1365 783 vita
1387 754 1475 782 non
1498 754 1724 795 possemus
1745 740 1971 795 consequi,

279 815 486 859 omnibus
507 820 654 856 tamen
676 811 847 855 viribus
869 811 1121 856 enitendum
1141 826 1253 863 esse,
1281 817 1345 863 ut,
1368 824 1483 867 quae
1507 809 1708 869 proxime
1726 812 1783 855 ad
1818 811 1974 855 verisi-

278 885 575 930 militudinem
597 883 877 936 accederent,
907 897 961 926 ea
979 882 1341 939 exquirerentur,
1372 896 1460 938 quo
1479 882 1655 925 facilius
1681 890 1814 938 atque
1834 883 1971 927 tutius

277 957 461 1001 illorum
476 954 667 1006 auxilio,
695 960 903 1010 tanquam
922 959 1047 1007 rate,
1078 954 1164 996 hoc
1187 953 1483 1009 impetuosum
1515 954 1633 996 vitae
1666 956 1852 1011 pelagus
1883 961 1974 998 tra-

275 1027 529 1072 iiceremus.
589 1026 674 1069 His
695 1025 824 1069 dictis
849 1033 1073 1083 permotus
1093 1025 1302 1067 Simmias
1318 1057 1331 1078 ‚
1369 1026 1541 1068 fatebor
1561 1025 1782 1081 equidem,
1814 1025 1971 1081 inquit,

278 1114 392 1157 quae
436 1099 583 1142 adbuc
619 1096 879 1152 disputasti,
937 1111 994 1140 ea
1023 1096 1139 1139 mihi
1183 1097 1377 1138 nondum
1412 1110 1589 1139 omnem
1626 1098 1883 1153 scrupulum
1919 1112 1971 1140 ex

276 1170 426 1215 animo
461 1167 688 1212 exemisse.
744 1168 898 1225 Neque
930 1167 1050 1213 enim
1079 1167 1323 1210 absurdum
1355 1166 1555 1219 videtur,
1608 1168 1725 1223 quod
1765 1167 1973 1223 permulti

277 1241 482 1285 homines
509 1238 807 1293 arbitrantur,
836 1238 1034 1283 animum
1057 1238 1122 1282 nil
1141 1253 1236 1282 esse
1256 1238 1340 1281 nisi
1360 1237 1641 1281 harmoniam
1674 1240 1896 1293 quandam
1918 1254 1973 1282 ex

276 1313 394 1357 iusto
415 1312 696 1368 singularum
716 1311 912 1366 corporis
936 1310 1132 1370 partium
1152 1316 1498 1366 temperamento
1519 1309 1765 1353 oriundam.
1804 1311 1974 1366 Quem-

271 1384 518 1429 admodum
551 1381 693 1439 igitur
719 1379 955 1425 concentus
979 1381 1133 1425 fidium
1170 1381 1394 1425 dissolutis
1425 1381 1549 1438 lyrae
1581 1381 1780 1435 partibus
1807 1381 1972 1435 interit,

275 1456 340 1500 ita
375 1454 475 1498 vide
503 1469 561 1499 ne
597 1455 738 1496 fracto
772 1453 1072 1510 dissolutoque
1101 1467 1286 1508 corpore
1310 1452 1463 1495 itidem
1495 1450 1633 1494 animi
1665 1452 1807 1495 omnis
1837 1452 1906 1496 vis
1927 1458 1972 1496 et

274 1535 434 1571 natura
459 1526 689 1581 dispereat.
748 1525 869 1570 Tum
894 1524 1098 1584 Socrates
1118 1524 1248 1566 vultu
1280 1524 1335 1566 ad
1367 1524 1506 1566 risum
1529 1523 1770 1579 composito
1801 1531 1870 1576 et,
1920 1529 1969 1567 ut

275 1600 475 1655 solebat,
530 1597 701 1640 intenta
731 1597 963 1639 oculorum
1009 1595 1104 1638 acie
1131 1594 1514 1651 circnmspiciens,
1582 1609 1668 1637 non
1703 1595 1842 1649 male,
1893 1596 1971 1650 ait,

275 1669 488 1714 Simmias
526 1682 672 1712 meam
704 1667 951 1710 orationem
989 1667 1167 1712 videtur
1197 1666 1495 1723 impugnasse.
1568 1666 1655 1709 Sed
1684 1666 1791 1708 huic
1827 1667 1972 1722 prius-

276 1755 410 1798 quam
432 1739 774 1796 respondeamus
789 1770 801 1789 ,
830 1738 967 1781 etiam
993 1738 1168 1781 Cebetis
1191 1738 1410 1781 audienda
1430 1737 1646 1779 sententia
1667 1745 1748 1781 est.
1805 1739 1863 1780 Et
1886 1739 1970 1780 Ce-

274 1813 356 1856 bes
397 1811 577 1868 quidem
615 1825 662 1853 se
690 1809 734 1853 in
772 1809 930 1853 iisdem
961 1809 1054 1852 fere
1085 1810 1272 1852 haerere
1300 1808 1431 1860 dixit,
1487 1808 1542 1850 de
1575 1809 1736 1864 quibus
1759 1809 1971 1853 Simmiae

273 1883 513 1927 dubitaret.
573 1882 700 1938 Quae
730 1885 800 1934 tu,
840 1880 1011 1936 inquit,
1050 1881 1183 1923 modo
1218 1869 1474 1936 disputasti,
1517 1879 1573 1922 iis
1609 1879 1712 1923 licet
1735 1881 1968 1938 efficiatur,

274 1963 324 1999 ut
343 1955 516 1998 animus
538 1952 828 1996 diuturnitate
858 1967 1015 2007 corpus
1047 1958 1247 2008 superet,
1290 1958 1436 1995 tamen
1470 1951 1664 1994 nondum
1688 1957 1753 1994 est
1786 1953 1966 1996 demon-

274 2034 461 2071 stratum
490 2025 680 2068 eundem
717 2024 775 2068 ab
813 2023 995 2066 interitu
1015 2023 1194 2066 omnino
1217 2037 1313 2065 esse
1341 2023 1547 2068 liberum.
1607 2023 1728 2067 Fieri
1747 2023 1866 2066 enim
1890 2039 1971 2081 po-

275 2104 385 2151 test,
413 2105 464 2139 ut
489 2095 687 2148 animus,
716 2109 853 2151 quum
875 2094 918 2137 in
939 2096 1081 2137 multa
1102 2094 1306 2150 deinceps
1332 2109 1517 2150 corpora
1548 2094 1714 2151 migret
1736 2095 1877 2151 iisque
1895 2110 1969 2138 su-

274 2175 444 2227 perstes
466 2167 554 2220 sit,
592 2173 738 2210 tamen
764 2172 809 2209 et
840 2166 932 2223 ipse
965 2165 1174 2222 temporis
1204 2166 1493 2208 diuturnitate
1521 2168 1695 2209 tandem
1729 2167 1902 2210 fatiscat
1925 2173 1971 2212 et

275 2244 540 2284 conteratur.
599 2237 711 2296 Quis
731 2237 872 2294 igitur
891 2238 1019 2281 nobis
1047 2245 1240 2295 praestet
1265 2238 1353 2280 hoc
1368 2269 1382 2290 ,
1428 2237 1475 2281 in
1500 2252 1588 2293 qno
1609 2252 1724 2280 nunc
1747 2239 1965 2296 degimus,

277 2326 437 2368 corpus
467 2324 553 2352 non
577 2323 671 2351 esse
693 2308 936 2351 ultimum?

446 2382 552 2436 Cap.
579 2378 802 2423 xxxvln
822 2405 880 2412 —-
906 2380 998 2423 XL.
1057 2379 1142 2422 His
1164 2379 1292 2422 dietis
1317 2393 1396 2421 nos
1429 2393 1604 2431 omnes,
1647 2379 1723 2434 qui
1751 2380 1867 2437 apud
1885 2381 1968 2423 So-

278 2459 445 2496 cratem
466 2452 725 2504 aderamus‚
755 2452 1039 2496 vehementer
1058 2465 1208 2492 suiuus
1229 2450 1487 2506 perturbati.
1546 2451 1657 2492 'Nam
1680 2465 1815 2505 quum
1839 2459 1968 2497 antea

276 2522 473 2569 Socratis
506 2522 744 2579 disputatio
777 2522 905 2565 nobis
936 2523 1067 2578 plane
1104 2521 1386 2564 satisfecisset
1412 2520 1687 2575 mirificeque
1718 2521 1967 2578 placuisset,

264 2601 393 2639 'nunc
421 2602 567 2638 tamen
587 2593 801 2638 Simmiae
819 2598 863 2636 et
887 2594 1064 2637 Cebetis
1089 2593 1304 2637 dubitatio
1322 2591 1491 2643 effecit,
1522 2597 1571 2634 ut
1595 2593 1768 2638 consilii
1787 2608 1967 2649 prorsus

275 2665 430 2722 inopes
468 2667 768 2710 haereremus.
837 2665 1042 2711 Socrates
1079 2679 1183 2708 vero
1211 2670 1382 2708 tantum
1404 2662 1546 2707 abfuit
1580 2668 1630 2705 ut
1655 2663 1709 2706 de
1733 2679 1867 2708 causa
1886 2681 1967 2711 sua

275 2738 502 2780 videretur
535 2751 631 2779 esse
666 2736 908 2789 sollicitus,
968 2743 1018 2783 ut
1047 2750 1270 2793 nunquam
1306 2734 1450 2791 magis
1480 2733 1724 2777 admiratus
1766 2735 1850 2781 sim
1880 2737 1966 2781 viri

277 2807 646 2864 tranquillitatem
662 2814 794 2864 atque
814 2807 1118 2853 constantiam.
1177 2808 1290 2851 Nam
1311 2821 1398 2850 non
1420 2806 1564 2848 solum
1580 2806 1794 2850 benevole
1811 2822 1967 2853 aman-

277 2886 431 2936 terque
449 2878 621 2934 excepit
640 2879 740 2923 illas
763 2879 940 2924 Cebetis
963 2885 1007 2923 et
1028 2878 1241 2923 Simmiae
1268 2876 1584 2929 dubitationes3
1625 2878 1702 2920 sed
1729 2878 1864 2922 etiam
1884 2895 1965 2924 nos

277 2964 416 3010 quum
446 2949 828 2993 animadvertisset
853 2950 1106 2995 vehementi
1134 2950 1285 2992 dolore
1308 2949 1533 3005 peroulsos
1564 2962 1688 3002 esse,
1728 2949 1784 2992 ad
1814 2950 1964 3007 pristi-

277 3036 382 3067 nam
418 3020 763 3065 immortalitatis
798 3035 921 3077 spem
951 3026 995 3065 et
1024 3021 1230 3066 fiduciam
1266 3019 1419 3063 erexit.
1477 3019 1654 3063 Monuit
1679 3026 1829 3063 autem
1860 3028 1964 3066 ante

278 3091 442 3144 omnia,
472 3096 522 3135 ut
541 3091 668 3134 nobis
687 3105 957 3147 caveremus,
987 3107 1058 3148 ne,
1092 3092 1131 3137 si
1155 3093 1329 3149 quando
1356 3106 1508 3134 errore
1532 3091 1578 3135 in
1606 3090 1700 3133 veri
1723 3091 1964 3150 investiga-

276 3163 398 3212 tiene
430 3161 756 3218 deciperemur,
797 3163 946 3210 animo
976 3164 1150 3209 abiecto
1180 3164 1363 3208 rationis
1400 3168 1444 3206 et
1468 3162 1778 3220 philosophiae
1813 3178 1963 3206 osores

277 3233 578 3279 evaderemus.
636 3234 1016 3291 Quemadmodum
1046 3236 1165 3278 enim
1190 3235 1421 3278 hominum
1451 3248 1623 3284 osores,
1662 3232 1828 3289 inquit,
1865 3234 1962 3276 fleri

278 3302 420 3351 nolent
444 3302 500 3356 ii,
530 3303 607 3360 qui
630 3319 768 3360 quum
788 3306 843 3348 de
866 3305 1066 3366 quolibet
1086 3307 1255 3362 optima
1283 3320 1480 3361 quaeque
1511 3311 1778 3360 sperassent,
1814 3317 1843 3347 a
1865 3304 1962 3360 plu-

279 3375 405 3424 ribus
441 3373 646 3435 dennceps
677 3374 848 3433 decepti
877 3382 980 3423 sunt
1002 3385 1047 3423 et
1079 3378 1124 3422 in
1151 3377 1352 3424 fraudem
1377 3376 1571 3429 inductu
1622 3375 1686 3421 ita
1706 3374 1841 3421 etiam
1883 3374 1960 3430 qui
