2040 3646
259 173 299 234 s
895 163 1304 227 PRAEFATm

260 302 414 354 munio,
434 299 624 358 efficitur.
643 313 696 345 ac
718 298 968 356 continetur
980 330 994 352 ‚
1037 302 1081 350 et
1102 297 1218 351 inter.
1238 301 1476 355 utrumque
1496 312 1639 358 genus,
1665 298 1806 350 iustus¹
1827 315 1954 357 amor.

265 374 528 429 conciliatur
549 386 602 428 ac
635 377 849 429 servatur.
1413 366 1416 369 ⁴
1879 392 1881 394 ·

434 445 541 500 Gap.
567 442 685 498 XIV.
712 468 768 478 —
789 442 905 496 XVI,
964 439 1053 483 Hic
1082 455 1219 503 quum
1240 440 1374 482 finem
1401 439 1598 497 fecisset,
1638 441 1957 499 Aristophanen

263 514 478 572 repositas
499 514 673 572 dicendi
694 517 840 571 partes
870 511 1077 567 suscipit,
1117 511 1241 565 cuius
1265 516 1357 554 tota
1390 511 1532 567 oratio
1553 513 1723 567 comica
1745 519 1811 556 est
1838 519 1881 556 et
1910 514 1958 557 ἱιι

263 586 456 643 ridiculo
480 585 769 643 consumitur
826 582 1080 638 Antiquitus
1106 581 1249 638 enim,
1293 582 1381 637 ait,
1431 583 1521 638 alia
1545 598 1597 626 ac
1628 598 1743 626 nunc
1783 590 1850 645 est
1875 585 1961 627 ho-

265 657 438 714 ιιιίιιιιιιι
461 662 558 712 erat
583 662 767 713 natura.
810 670 914 711 nam
939 650 981 696 et
1001 653 1168 709 singuli
1186 652 1389 708 homines
1419 668 1506 708 non
1531 654 1716 710 simplex
1735 638 1962 699 habebant

268 742 455 785 corpus,
497 729 573 771 sed
595 727 850 785 geminum,
891 740 945 769 ex
961 713 1131 778 duobus
1162 723 1419 779 corporibus
1442 731 1720 782 concretum,
1764 733 1808 780 et
1834 741 1962 775 sexus

267 795 364 856 erat
388 799 571 862 triplex,
609 812 786 850 marum
808 796 1134 852 mulierumque
1159 794 1315 852 generi
1337 794 1483 837 addito
1519 795 1652 850 tertio
1676 791 1959 861 ἀνδρογύνῳ,

268 884 324 927 ex
353 872 570 927 ambobus
603 868 855 912 commixto.
913 868 1080 917 Foima
1109 866 1249 923 igitur
1276 867 1489 921 cuiusque.
1513 867 1707 910 hominis
1728 873 1822 922 crat
1862 869 1962 922 ista,

268 945 320 999 ut
338 941 510 998 duobus
535 940 795 996 corporibus
815 920 1060 982 coniunctis
1082 938 1213 993 dorsa
1230 942 1353 979 extra
1373 943 1661 991 verterentur,
1690 953 1828 982 unum
1850 944 1966 994 esset

270 1018 428 1070 capnt2
467 1013 649 1067 eiusque
680 1012 829 1052 vultus
857 1008 1004 1066 aversi
1033 1009 1144 1061 duo:
1189 1014 1334 1061 motus
1367 1007 1492 1064 talis,
1536 1014 1696 1051 utnon
1722 1016 1963 1064 currerent,

274 1083 352 1132 sed
371 1090 558 1141 quatuor.
579 1073 765 1139 pedibus
788 1079 1073 1137 brachiisque
1095 1080 1348 1135 volutarent
1369 1093 1416 1120 se
1441 1079 1556 1122 mira
1574 1080 1823 1137 velocitate,
1878 1082 1966 1137 Sed

273 1169 412 1223 quum
451 1169 530 1211 pro
571 1166 807 1213 corporum
849 1152 1010 1202 robore
1046 1165 1232 1207 magnos
1276 1151 1502 1204 elatosque
1539 1150 1720 1207 spiritus
1747 1133 1968 1208 gererent,

276 1225 508 1289 deosque'
495 1239 614 1281 ipsos
641 1224 1013 1291 aggrederentur3
1069 1221 1238 1277 Iupiter
1272 1217 1454 1263 deorum
1478 1221 1718 1272 concilium
1741 1229 1966 1277 convocat,

275 1296 450 1363 quaerit
467 1294 575 1353 quid
597 1295 821 1357 agendum
844 1293 923 1347 sit,
967 1297 1118 1335 utrum
1139 1291 1409 1347 exstirpandi
1428 1291 1514 1347 sint
1535 1291 1762 1348 hominm,
1801 1307 1855 1336 an
1879 1294 1969 1338 alia

276 1366 448 1420 ratione
471 1366 682 1424 puniendi
697 1370 740 1408 et
764 1363 1008 1415 coercendi.
1069 1362 1169 1405 Diis
1191 1362 1511 1418 trepidantibus
1530 1363 1777 1427 dubiisque,
1807 1365 1973 1420 optima

276 1438 455 1499 tandem
487 1436 702 1491 sententia
728 1436 815 1493 ipsi
841 1435 937 1479 Iovi
970 1434 1016 1476 in
1042 1439 1236 1476 mentem
1256 1433 1402 1488 venit3
1444 1433 1630 1477 dissecat
1653 1424 1855 1476 homines
1881 1436 1972 1491 sin-

277 1509 411 1571 gulos
441 1508 487 1562 in
519 1508 606 1563 duo
635 1520 849 1562 corpora,
907 1521 1020 1562 quae
1049 1506 1280 1561 formanda
1305 1505 1586 1560 sanandaque
1608 1506 1802 1561 Apollini
1825 1507 1972 1551 tradit.

277 1580 369 1624 Hic.
391 1579 577 1636 pellem,
615 1584 665 1621 ut
683 1581 931 1634 contractas
953 1591 1186 1618 crumenas
1200 1608 1212 1629 ‚
1254 1576 1301 1618 in
1322 1581 1520 1618 ventrem
1544 1577 1726 1633 colligat
1746 1578 1801 1619 ad
1825 1579 1974 1627 umbiq

278 1651 419 1708 licum
433 1684 445 1708 ,
486 1651 662 1693 vultum
692 1649 827 1692 etiam
849 1649 895 1691 in
916 1649 1033 1690 hanc
1055 1651 1226 1702 partem
1248 1646 1405 1700 vertit,
1443 1652 1493 1689 ut
1523 1662 1695 1703 semper
1715 1647 1849 1699 huius
1870 1632 1974 1703 poe-

280 1732 364 1765 nae
379 1725 713 1777 monumentum
734 1720 780 1762 in
802 1725 979 1776 promtu
995 1718 1223 1762 haberent.
1284 1718 1374 1761 Sed
1398 1717 1595 1760 dissectis
1617 1718 1681 1761 ita
1702 1718 1972 1772 hominibus,

283 1793 472 1850 quilibet
491 1794 678 1849 alteram
697 1790 767 1832 sui
788 1795 958 1846 partem
979 1791 1233 1845 quaerebat,
1264 1793 1307 1831 ct
1326 1789 1543 1844 complexi
1566 1803 1612 1830 se
1631 1788 1835 1842 invicem,
1863 1790 1975 1833 alia-

281 1863 384 1922 rum
405 1863 601 1920 omnium
628 1876 779 1910 rerum
799 1861 954 1920 obliti,
990 1861 1283 1917 neglectoque
1310 1859 1410 1908 cibo
1434 1864 1477 1901 et
1499 1864 1628 1915 potu,
1667 1859 1829 1915 passim
1853 1875 1976 1903 emo-

283 1935 529 1979 riebantur.
586 1935 643 1991 Et
667 1932 774 1987 huic
798 1946 973 1993 quoque
997 1932 1240 1974 calamitati
1259 1931 1427 1986 Iupiter
1451 1930 1682 1982 subvenit3
1713 1943 1813 1984 nam
1834 1932 1975 1975 versis

285 2005 634 2065 uniuscuiusque
655 2004 924 2060 genitalibus
953 2003 1164 2045 membris
1190 2002 1237 2044 ἰιι
1265 2002 1492 2044 adversam
1520 2007 1689 2058 partem
1717 2001 1887 2057 effecit,
1926 2007 1978 2046 ut

285 2092 375 2121 non
400 2066 609 2132 impliciti
637 2080 890 2127 manerent,
949 2074 1026 2117 sed
1056 2073 1176 2128 coitu
1212 2073 1348 2128 semel
1381 2074 1497 2115 facto
1529 2072 1677 2128 satiati
1707 2072 1980 2128 discederent

287 2150 345 2207 ad
374 2149 547 2203 reliqua
576 2146 694 2190 vitae
730 2145 924 2202 negotia.
981 2145 1144 2186 verum
1171 2144 1381 2199 remansit
1414 2144 1461 2186 in
1492 2144 1723 2198 hominum
1753 2145 1977 2199 mentibus

288 2219 616 2277 recuperandae
635 2217 794 2262 veteris
817 2221 1002 2273 naturae
1023 2216 1254 2267 stimulus,
1298 2229 1384 2270 quo
1407 2213 1593 2269 quisque
1625 2213 1797 2270 agitur,
1831 2221 1880 2257 ut
1904 2230 1980 2258 ve-

290 2296 361 2349 tus
387 2290 458 2340 sui
478 2289 707 2342 dimidium
730 2293 943 2344 quaerat3
986 2301 1072 2342 quo
1095 2286 1270 2329 invento
1294 2300 1425 2340 verus
1455 2284 1622 2327 exsistit
1655 2300 1804 2338 amor,
1842 2291 1885 2328 et
1912 2287 1978 2329 ita.

291 2363 554 2419 vehemens,
584 2365 634 2403 ut
656 2356 849 2412 nullius,
878 2373 960 2401 nec
981 2358 1118 2415 ipsius
1144 2357 1350 2410 deorum,
1382 2355 1604 2410 felicitatis
1628 2356 1877 2398 conditione
1898 2371 1977 2399 nos

291 2433 425 2484 avelli
445 2447 497 2475 ac
521 2431 754 2487 dissociari
784 2430 1027 2489 patiamur,
1067 2429 1143 2470 sed
1164 2428 1336 2484 potiuS,
1376 2426 1415 2468 si
1438 2426 1536 2481 fieri
1560 2427 1719 2487 possit,
1758 2427 1980 2484 congluti-

291 2503 392 2561 nari
417 2508 462 2547 et
493 2518 546 2546 ex
571 2500 742 2546 duobus
776 2501 825 2553 iu
862 2515 1000 2544 unum
1029 2499 1227 2542 animum
1252 2511 1499 2553 corpusque
1526 2497 1840 2551 colliquescere
1870 2498 1981 2541 veli-

291 2589 406 2633 mus.
463 2575 619 2631 Itaque
652 2578 703 2615 ut
734 2573 921 2629 quisque
953 2570 1063 2614 olim
1092 2571 1164 2614 vel
1186 2585 1239 2612 cx
1260 2584 1347 2611 uno
1372 2582 1475 2610 sexu
1503 2568 1574 2609 vel
1599 2581 1650 2609 ex
1670 2568 1839 2610 duobus
1861 2583 1982 2611 com-

292 2646 486 2714 positum
513 2644 672 2688 habuit
697 2659 885 2702 corpus,
926 2642 989 2685 ita
1019 2656 1066 2684 se
1101 2655 1221 2683 nunc
1244 2653 1414 2696 quoque
1447 2638 1502 2693 ad
1528 2637 1712 2680 alterius
1749 2653 1875 2681 sexus
1898 2640 1983 2682 ho-

292 2717 461 2774 minem
486 2715 678 2773 applicat
707 2715 961 2770 exsistitque
991 2712 1166 2756 varium
1198 2711 1416 2762 studium,
1455 2710 1746 2751 moechorum
1772 2710 1982 2753 moecha-

294 2802 483 2845 rumque
509 2801 563 2831 ex
595 2786 891 2845 androgynis,
940 2783 1164 2842 tribadum
1196 2797 1249 2825 ex
1284 2780 1573 2837 mulieribus,
1620 2780 1983 2837 paederastarum

293 2873 346 2917 ex
365 2858 485 2917 viris.

459 2929 568 2986 Cap3
585 2927 664 2982 XV
665 2927 724 2971 11.
742 2950 801 2973 —r
820 2926 943 2981 xlx,
1000 2924 1211 2981 Sequitur
1229 2922 1430 2981 Agatho,
1474 2922 1551 2978 qui
1576 2922 1622 2966 in
1642 2921 1845 2979 priorum
1877 2935 1979 2965 ora-

295 3000 492 3059 tionibus
516 2999 562 3042 id
588 2998 897 3055 reprehendit,
949 2996 1105 3053 quod
1091 3011 1134 3038 ιιι
1171 2995 1377 3051 operibus
1405 2993 1590 3046 amoris,
1636 3007 1723 3035 non
1753 2993 1799 3035 in
1830 3007 1983 3036 amore

297 3071 397 3139 ipso
432 3075 686 3126 consumtae
714 3072 871 3112 essent
938 3069 1092 3124 Itaque
1120 3067 1330 3110 facultate
1363 3064 1533 3120 poetica
1567 3064 1705 3119 ipsius
1741 3063 1984 3120 imaginem

299 3141 465 3201 amoris
487 3141 710 3198 informat.
769 3140 867 3182 Non
890 3139 1032 3193 enim,
1076 3138 1163 3195 ait,
1202 3142 1250 3179 ut
1271 3135 1552 3187 Parmenides
1573 3132 1879 3190 Hesiodusque
1911 3148 1986 3176 cc-
2023 3136 2029 3141 “

298 3212 525 3269 cinerunt,
568 3209 898 3266 antiquissimus
931 3216 996 3252 est
1024 3210 1233 3260 deorum3
1283 3208 1360 3257 sed
1389 3205 1578 3257 iuvenis,
1622 3205 1793 3260 mollis,
1846 3209 1984 3256 tener,

296 3282 505 3341 floridus,
535 3278 761 3339 pravitatis
788 3280 1164 3337 deformitatisque
1186 3278 1417 3330 inimicu83
1455 3258 1612 3319 fortior
1635 3274 1756 3318 omni
1778 3274 1824 3318 vi
1851 3280 1985 3329 atquo

291 3345 520 3418 ‹potentia'g
545 3348 745 3411 ‘deor-uin
770 3351 1091 3411 bominumque
1110 3348 1408 3408 gubernator,
1451 3347 1508 3404 nd
1527 3360 1679 3391 omne·
1704 3350 1822 3392 arte·
1849 3343 1984 3389 disci-
