2040 3646
621 186 717 238 AD
754 184 1187 239 SYMPOSIUM.
1677 189 1745 245 15

61 327 268 382 vitiisque·
295 324 483 368 inertem
502 321 740 380 'quandam
766 322 987 366 luxuriam
1000 353 1014 375 ‚
1051 334 1132 378 pro
1169 331 1355 364 numero
1383 318 1562 364 inanem
1588 318 1744 362 lusum

58 400 300 440 verborum
326 395 532 439 similiter
559 393 834 446 cadentium,
865 393 1052 449 denique
1079 405 1159 449 pro
1186 391 1303 435 veris
1331 390 1540 434 orationis
1567 389 1745 434 virtuti-

55 470 142 512 bus
168 467 280 512 vitia
307 467 401 510 illis
435 465 598 509 affinia.
669 465 799 508 Haec
825 459 975 509 omnia
993 463 1134 521 igitur
1166 462 1244 520 qui
1271 462 1509 518 diligenter
1536 462 1746 507 observa-

55 539 199 581 verint
226 543 359 593 atque
388 536 724 594 perpenderint,
761 549 918 579 verum
949 547 1046 578 esse
1074 534 1284 588 sentient,
1324 532 1443 588 quod
1471 547 1606 589 supra
1628 530 1743 574 dixi-

57 624 180 662 mus,
207 606 442 652 Platonem
474 622 601 650 suam
630 607 685 650 de
715 619 868 649 amore
901 604 1166 666 sententiam
1205 603 1253 647 in
1289 603 1377 646 hoc
1415 603 1533 647 libro
1572 603 1637 648 ita
1664 616 1742 646 ex·

56 679 278 735 posuisse,
308 682 358 720 ut
382 677 522 722 simul
549 677 789 734 attingeret
815 690 891 721 eas
919 677 975 719 de
1001 672 1432 731 amore'opiniones,
1460 689 1573 729 quae
1601 672 1742 729 ipsius

57 754 203 793 aetate
230 735 423 792 maxime
450 754 595 792 essent
622 749 895 801 celebratae,
924 752 1055 804 atque
1086 746 1251 791 rideret
1278 749 1508 800 praeterea
1535 740 1740 791 rhetore-

56 827 100 862 et
129 819 372 876 sophistas,
400 819 477 875 qui
508 819 554 862 in
583 819 790 873 laud-ibus
816 818 982 863 amoris
1014 817 1317 873 praedicandis
1344 815 1442 859 eius
1469 820 1629 859 natura
1654 815 1744 859 mi-

54 892 175 934 nime
203 895 428 946 perspecta
455 890 644 933 mirifice
668 890 946 934 exsultarent.
998 890 1068 932 De
1093 903 1183 946 qua
1208 901 1259 930 re
1285 887 1496 944 egregius
1525 888 1650 930 locus
1676 891 1744 931 est

54 951 113 1017 ’μ
130 961 226 1004 198.
256 963 310 1003 D.
334 962 386 1003 E.
399 993 412 1012 ‚
441 961 518 1016 qui
550 962 622 1003 vel
650 962 770 1004 solus
798 961 956 1004 docere
982 963 1169 1016 poterat,
1201 972 1413 1016 quorsum
1440 958 1547 1002 illae
1576 957 1744 1003 oratio-

31 1024 33 1027 ’
55 1047 133 1076 nes
161 1037 420 1087 spectarent.

226 1101 396 1157 Quodsi
413 1107 560 1146 autem
583 1117 690 1147 vera
710 1107 811 1147 sunt
848 1117 961 1159 quae
982 1103 1195 1145 hactenus
1217 1100 1270 1143 de
1294 1106 1558 1158 argumento
1579 1104 1622 1144 et
1640 1114 1747 1143 con-

54 1172 156 1217 silio
178 1173 313 1216 huius
333 1173 440 1216 libri
461 1174 797 1230 disputavimus,
825 1189 914 1217 non
931 1172 1119 1217 difficile
1142 1172 1226 1215 erit
1250 1172 1306 1216 ad
1326 1172 1628 1225 iudicandum,
1656 1185 1745 1228 quo

55 1244 154 1287 iure
183 1243 458 1287 discedamus
494 1260 522 1288 a
554 1244 960 1288 Schleiermacheri
996 1243 1233 1296 sententia,
1272 1243 1350 1298 qui
1381 1243 1665 1301 Symposium
1691 1256 1746 1286 ac

54 1315 340 1358 Phaedonem
364 1315 533 1358 censuit
551 1330 653 1359 cum
676 1316 884 1372 Sophiste
905 1319 949 1359 et
979 1315 1172 1360 Politice
1209 1314 1455 1358 arctissime
1489 1315 1746 1358 cohaerere.

55 1386 190 1428 Putat
212 1385 329 1427 enim
350 1386 419 1428 vir
435 1386 713 1429 doctissimus
732 1387 804 1430 his
826 1387 955 1430 libris
978 1385 1193 1430 contineri
1217 1386 1307 1429 viri
1339 1385 1548 1442 sapientis
1582 1385 1747 1442 imagi·

56 1471 158 1498 nem
177 1456 332 1509 illam,
361 1471 493 1513 quam
511 1459 640 1501 Plato
660 1458 706 1501 in
724 1458 939 1514 principio
965 1457 1199 1514 Sophistae
1221 1462 1266 1500 et
1284 1457 1460 1502 Politic.
1489 1472 1532 1513 p.
1557 1455 1656 1501 257.
1687 1458 1743 1503 A.

4 1523 10 1531 ⁸
57 1542 104 1569 se
123 1527 426 1570 exhibiturum
451 1529 714 1585 promiserit.
774 1531 842 1572 De
862 1544 949 1584 qua
972 1544 1022 1571 re
1049 1529 1128 1572 ille
1155 1529 1202 1572 in
1230 1530 1410 1584 praefat.
1448 1529 1505 1572 ad
1539 1528 1742 1585 Sympos-

5 1588 9 1593 “
57 1614 98 1653 p.
127 1598 213 1640 369
231 1613 324 1654 sqq.
353 1598 465 1642 haec
491 1600 688 1658 scripsit:
746 1602 899 1643 »Fur
939 1601 966 1642 d
982 1614 1047 1642 en
1085 1601 1185 1643 der
1212 1601 1328 1655 (die
1375 1600 1595 1655 Sache)
1641 1600 1747 1643 aut

56 1669 178 1710 eine
206 1668 417 1712 freiere
446 1670 634 1714 Weise
663 1672 693 1713 b
710 1672 1030 1726 etrachtet,
1059 1671 1142 1714 int
1163 1671 1298 1724 jene
1326 1670 1610 1726 Trilogie
1637 1684 1743 1720 nur

3 1782 6 1788 ,
55 1755 74 1783 s
93 1740 304 1782 chsmer
332 1740 444 1783 und
472 1741 662 1785 herrli
678 1742 812 1784 cher
840 1742 1139 1785 vollendet
1166 1741 1743 1799 gemeinschaftlich

53 1811 230 1853 durch
258 1825 358 1853 uns
374 1827 432 1855 er
459 1811 776 1868 vorliegen
791 1814 885 1856 des
925 1814 1251 1869 Gespnich,
1280 1813 1377 1855 das
1415 1812 1743 1865 Gastmahl,

1 1883 33 1912 ·’
53 1882 161 1923 und
192 1881 376 1923 durch
401 1882 497 1925 das
527 1883 1052 1942 nzichstfolgende‚
1083 1884 1188 1926 den
1217 1880 1501 1937 Phaidon‚
1529 1883 1586 1926 in
1613 1883 1743 1927 wel-

0 1960 2 1965 '
53 1952 199 1993 chen
249 1952 451 1995 beiden
501 1968 595 1996 zus
611 1967 1182 2011 ammengenommen
1230 1955 1445 1997 Platon
1493 1969 1596 1997 uns
1644 1955 1736 1999 ein

14 2021 188 2065 'Bild
229 2023 330 2065 des
370 2024 766 2080 Philosophen
809 2026 1092 2068 darstellt
1134 2025 1189 2068 in
1237 2025 1336 2067 der
1378 2026 1598 2068 Person
1644 2026 1743 2069 des

0 2139 2 2145 ,
54 2095 354 2146 Sokrates,
393 2096 503 2137 und
543 2110 685 2139 zwar
724 2097 926 2154 zeiget
965 2111 1027 2140 er
1063 2096 1170 2139 ihn
1198 2095 1270 2138 im
1307 2096 1596 2149 Phaidon‚
1625 2097 1742 2141 wie

53 2165 218 2208 erim
258 2166 412 2208 Tode
449 2167 782 2220 erscheint‚
822 2168 876 2211 in
922 2181 1192 2210 unserem
1238 2167 1554 2210 Gastmahl
1600 2169 1742 2212 aber

50 2236 193 2280 wird
240 2236 520 2281 derselbc
571 2237 676 2281 wie
717 2253 779 2281 er
829 2239 1033 2295 gelebt
1071 2237 1456 2281 verherrlich
1472 2243 1525 2280 et
1553 2238 1742 2282 durch

43 2307 62 2360 j
82 2322 182 2350 ene
210 2307 245 2349 L
261 2308 466 2350 obrede
496 2309 590 2351 des
618 2309 991 2362 Alkibiades‚
1031 2310 1250 2352 welche
1288 2309 1432 2351 doch
1471 2310 1741 2354 offenbar

0 2373 2 2375 ’
51 2379 144 2422 der
163 2378 363 2433 Gipt'el
392 2394 461 2422 un
479 2380 507 2420 d
536 2380 629 2422 die
657 2380 848 2423 Krene
879 2380 972 2423 des
1001 2394 1226 2437 ganzen
1246 2380 1616 2436 Gespriiches
1645 2379 1740 2434 ist,

0 2465 8 2498 χ
49 2449 155 2493 und
186 2464 286 2492 uns
325 2450 431 2493 den
474 2451 761 2494 Sokrates
804 2452 932 2494 (lars
948 2451 1086 2494 tellt
1120 2452 1179 2495 in
1218 2452 1339 2494 dem
1375 2451 1743 2494 unermfidli-

51 2522 199 2563 chen
238 2521 395 2564 Eit'er
438 2522 540 2564 der
579 2523 618 2564 B
635 2522 993 2578 etrachtung
1032 2511 1144 2565 und
1181 2523 1241 2566 in
1280 2522 1382 2566 der
1419 2520 1741 2579 freudigen

0 2590 477 2653 Mittheilung‚
555 2594 612 2636 in
679 2593 779 2635 der
847 2594 1229 2649 Verachtung
1296 2594 1399 2636 der
1466 2594 1742 2637 Gcfahr

48 2663 163 2704 und
220 2661 277 2704 in
331 2663 428 2705 der
465 2664 828 2708 Herrschaft
865 2666 1007 2708 iiber
1047 2664 1141 2707 die
1198 2667 1477 2708 {iusseren
1524 2664 1740 2722 Dinge,

24 2733 110 2776 in
166 2733 265 2774 der
321 2734 607 2779 Reinheit
659 2736 807 2779 aller
853 2735 1046 2779 seiner
1098 2735 1350 2779 Verbind
1369 2749 1571 2791 angen
1626 2736 1740 2778 und

47 2804 108 2846 in
166 2803 353 2846 seiner
409 2805 464 2848 in
481 2821 628 2850 nern
679 2806 1079 2849 Gottlichkeit
1134 2811 1313 2850 unter
1382 2807 1501 2849 dem
1547 2806 1741 2849 leich-

26 2879 140 2926 {2ten
198 2875 310 2916 und
367 2875 706 2919 friihlichen
757 2877 1005 2929 Schein,
1062 2878 1200 2920 kurz
1251 2878 1308 2920 in
1365 2877 1462 2919 der
1515 2876 1742 2920 vollen-

24 2941 222 2987 ldeten
250 2945 648 3003 Tfichtigkeit
687 2948 782 2990 des
808 2948 1030 2990 Leibes
1059 2949 1169 2990 und
1198 2950 1294 2990 der
1324 2949 1499 2990 Scele
1527 2948 1637 2990 und
1665 2949 1742 2991 al-

43 3029 100 3057 no
130 3015 223 3057 des
253 3030 478 3070 ganzen
515 3019 799 3061 hebens«
865 3017 1088 3061 Nimirum
1126 3020 1171 3061 in
1200 3019 1272 3061 his
1304 3020 1432 3074 plura
1459 3024 1583 3071 sunt,
1622 3030 1742 3074 quae·

43 3085 281 3139 speciosius
307 3101 440 3141 quam
459 3088 608 3131 verius
633 3089 853 3144 disputata
881 3103 977 3131 esse
1002 3090 1221 3132 videntur.
1251 3091 1309 3132 Et
1333 3089 1525 3144 primum
1555 3089 1738 3143 quidem
1787 3087 1789 3089 ’

42 3156 160 3209 quod
182 3155 251 3198 vir
273 3156 552 3201 doctissimus
577 3159 822 3202 orationem
858 3159 1102 3203 Alcibiadis
1131 3161 1265 3216 longe
1297 3159 1607 3216 gravissimam
1628 3159 1738 3204 libri

8 3176 214 3280 {partem
239 3241 332 3268 esse
354 3227 545 3282 iudicat,
574 3229 688 3272 mihi
714 3230 861 3286 potius
884 3244 960 3285 eu,
991 3245 1106 3285 quae
1132 3232 1263 3274 Plato
1295 3231 1525 3274 Socratem
1545 3230 1650 3273 fecit
1669 3229 1738 3274 di·-

22 3295 241 3350 ''centem‚
269 3298 495 3342 continere
508 3299 712 3343 videntur
731 3301 868 3354 illud,
897 3302 954 3344 ad
975 3302 1093 3357 quod
1121 3306 1268 3345 cetera
1299 3302 1475 3354 omnia,
1505 3315 1620 3356 quae
1646 3301 1738 3345 dis-

14 3371 251 3436 *putantur
268 3373 312 3412 et
343 3373 604 3423 narrantur,
641 3371 871 3418 referenda
895 3371 997 3417 sint.
1055 3371 1208 3430 Neque
1241 3373 1362 3417 enim
1386 3372 1519 3417 aliter
1543 3364 1736 3429 explica-
