2040 3646
569 152 935 204 APOLOG1A
972 153 1339 209 SOCRATIS.

1730 154 1805 215 45

116 285 292 367 λήνην
316 283 424 362 ἄρα
454 289 659 374 νομίζῳ
681 287 857 362 θεοὺς
880 285 1044 362 εἶναι,
1099 287 1276 370 ὥςπερ
1308 291 1365 352 οἳ
1393 287 1555 369 ἄλλοι
1576 287 1800 371 ἄνθρωα

116 390 244 440 ποι,·
307 370 417 431 Μὰ·
434 372 524 432 Δί’
537 418 553 447 ,
595 375 640 433 ὥ
681 373 874 452 ἄνδρες
906 377 1186 448 δικασταί,
1229 377 1343 436 ἐπεὶ
1375 374 1475 437 τὸν
1508 376 1607 454 μὲν
1640 372 1801 457 ἥλιον

118 457 288 516 λίθον
321 460 498 537 φησὶν
532 454 695 543 εἶναι,
737 456 838 536 τὴν
871 460 932 518 δὲ
955 458 1194 539 σελήνην
1226 466 1350 540 γῆν.
1432 456 1800 540 Ἀναξαγόρου

117 542 220 599 οἷἐι
241 550 588 620 κατηγορεῖν,
632 543 676 603 ὥ
707 545 833 621 φίλε
859 545 1091 624 Μέλητε·
1144 546 1240 604 καὶ
1262 542 1409 604 οὕτω
1433 552 1800 625 καταφρονεῖς

114 628 284 684 τῶνδε
305 627 399 686 καὶ
434 629 536 687 οἷἐι
560 625 772 701 αὐτοὺς
808 625 1071 705 άπείρους
1102 628 1430 707 γραμμάτων
1453 626 1612 704 εἶναι,
1668 627 1798 703 ὤςτε

115 707 226 768 οὐκ
251 711 478 785 εἰδέναι,
534 709 621 771 ὅτι
645 711 713 771 τά
735 711 1102 792 Ἀναξαγόρου
1125 715 1335 791 βιβλία,
1374 719 1482 774 τοῦ
1506 718 1797 791 Κλαζομε-

113 794 259 867 νίου,
300 795 445 873 γέμει
466 795 678 856 τούτων
702 803 811 857 τῶν
833 796 1026 875 λόγων.
1068 801 1163 858 καὶ
1191 797 1263 878 δὴ
1286 799 1382 858 καὶ
1406 798 1461 858 οἳ
1485 798 1601 858 νέοι
1619 804 1797 858 ταῦτα

112 877 243 955 παρ’
264 879 403 956 ἐμοῦ
426 879 839 957 μανθάνουσιν,
883 879 918 942 ἃ
944 881 1142 954 ἔξεστιν
1170 883 1334 943 ἐνίοτε
1347 926 1364 957 ,
1406 884 1456 944 εἰ
1483 881 1636 942 πάνυ
1655 888 1796 943 πολ-

110 966 251 1037 λοῦ,
287 967 537 1046 δραχμῆς
570 965 629 1025 ἐκ
651 971 752 1048 τῆς
774 965 1082 1049 ὀρχήστρας
1113 968 1436 1048 πριαμένοις
1455 967 1796 1048 Σωκράτους
1835 981 1915 1037 Ε,

106 1203 266 1278 γόρον.

108 1350 350 1406 praesentis
383 1351 621 1409 temporis,
670 1351 749 1398 ἵνα
776 1352 824 1398 τί
848 1353 919 1410 γε’-

110 1422 287 1462 νηταις
341 1408 389 1451 in
426 1408 749 1454 constructione
792 1426 922 1468 prae-

111 1465 258 1517 teriti,
287 1464 365 1510 ἵνα
381 1466 429 1510 τί
448 1465 694 1522 γένοιτο,·«
723 1493 753 1503 -
792 1470 921 1511 Cete-

110 1534 212 1563 rum
241 1523 342 1566 Sol
361 1527 513 1579 ¹atque
539 1525 693 1568 Luna
726 1540 806 1582 pro
833 1525 918 1568 diis

108 1577 258 1621 habiti
289 1583 332 1622 et
366 1580 476 1623 culti
509 1586 609 1623 sunt
636 1596 724 1624 nou
745 1587 919 1626 tantum

108 1648 137 1678 a
164 1635 313 1680 Persis
345 1637 534 1692 aliisque
567 1639 775 1694 gentibus
816 1642 922 1683 bar-

108 1692 255 1745 baris,
292 1694 370 1736 sed
404 1694 540 1737 etiam
566 1709 594 1738 a
622 1696 805 1738 Graccis
837 1699 919 1740 sub

107 1749 288 1792 nomine
315 1751 539 1806 'Apollinis
573 1755 705 1807 atque
732 1754 919 1808 Dianae.

109 1806 243 1861 Quod
289 1820 522 1853 monemus
561 1808 649 1854 viri
692 1810 922 1855 cuiusdam

107 1862 227 1905 docti
256 1865 430 1920 gratia,
474 1879 608 1922 quem
642 1865 834 1910 vidimus
866 1869 920 1910 de

107 1919 242 1961 huius
258 1921 347 1963 loci
362 1921 721 1977 interpretatione
734 1939 921 1984 magnas

109 1977 301 2022 excitare
321 1979 632 2025 dubitationes,

167 2062 223 2105 D.
239 2058 327 2106 M&
337 2061 428 2115 Δί’,
449 2087 476 2097 -
500 2059 599 2108 ἐπεὶ
609 2061 749 2121 τ.ἣ’λ.]
773 2065 840 2107 Ad
852 2062 919 2121 μὰ

111 2117 206 2163 Δία
227 2134 251 2161 e
266 2121 566 2176 superioribus
580 2121 920 2178 intelligendum

111 2182 178 2222 cst
210 2171 265 2219 οὗ
288 2178 460 2233 νομίζει
488 2174 647 2229 θεούς.
703 2179 818 2222 Nam
844 2194 921 2222 ve-

109 2233 287 2277 rissime
338 2235 590 2279 observavit
634 2236 673 2279 B
687 2249 718 2277 u
733 2236 798 2279 da
815 2250 840 2278 e
853 2250 884 2279 u
899 2251 920 2279 s

110 2286 178 2346 μὰ
201 2291 295 2334 Δία
326 2305 404 2347 per
429 2306 477 2335 se
504 2306 592 2335 non
611 2306 804 2349 negare,
842 2294 919 2336 sed

109 2362 390 2403 suppressam
411 2349 693 2405 negationem
719 2364 770 2394 cx
793 2365 921 2406 prae-

111 2404 278 2460 gressis
311 2419 627 2462 saepenumero
665 2421 761 2450 esse
790 2421 918 2463 repe-

108 2462 298 2506 tendam.
329 2476 374 2506 v.
401 2463 590 2520 Viget.
618 2478 660 2519 p.
682 2462 782 2507 450.

163 2540 377 2604 Ἀναξαγό
410 2563 467 2594 ον
495 2547 583 2594 οἴει
605 2549 660 2605 -]
700 2549 737 2593 Α
749 2564 778 2592 n
790 2563 850 2593 ax
860 2564 887 2594 a
897 2575 919 2584 -

108 2617 304 2705 {22:251
315 2605 918 2707 0⁰ff²3m⁹¹¹3324bat¹23⁶12ffi

110 2731 208 2760 esse
222 2714 404 2776 μύδρον
412 2692 657 2777 ’διάῖινρον
669 2751 683 2772 ,
712 2721 828 2774 quod
839 2720 920 2764 alii

110 2775 167 2817 de
208 2788 391 2819 massa
429 2776 575 2819 ferri
621 2790 645 2818 c
659 2777 916 2821 audentis

110 2830 359 2887 accipiunt,
405 2831 487 2875 alii
513 2831 568 2874 de
593 2832 753 2889 lapid
763 2847 789 2876 e
800 2866 814 2886 ‚
869 2832 919 2880 ut

106 2888 204 2944 ipse
213 2887 418 2933 Socrates
428 2901 498 2956 ap.
519 2888 560 2931 Χ
573 2902 598 2931 e
606 2904 635 2933 n
648 2904 674 2933 ο
682 2905 709 2945 p
718 2890 763 2934 h.
777 2891 915 2936 Mem.

106 2945 180 2989 lv,
218 2943 263 2996 7,
293 2943 336 2988 7.
375 2946 456 2988 ubi
485 2944 602 2989 hanc
633 2946 920 3005 Anaxagorae

106 3000 778 3105 282322¹²iffi13511⁶¹¹5223222⁶⁶322
796 3005 920 3106 '¹32³‘

106 3112 355 3182 laffoce-et
379 3111 624 3173 φάραγγας
638 3151 651 3172 ,
679 3117 726 3161 h.
748 3077 808 3161 «ιη
824 3079 922 3163 essct:

103 3185 207 3227 γην.
264 3172 350 3214 vid.
394 3178 569 3229 praeter
605 3175 781 3218 doctam
819 3176 884 3220 Fi
897 3202 917 3209 -

105 3244 128 3270 s
137 3243 161 3269 c
171 3228 206 3269 h
217 3241 241 3269 e
253 3227 303 3270 ri
341 3228 678 3286 disputationem
723 3233 777 3275 ad
807 3234 853 3277 h.
886 3235 916 3278 l.

104 3285 141 3328 1.
168 3284 224 3327 T.
252 3285 497 3329 Hemscn
525 3288 590 3330 de
617 3289 920 3347 Anaxago·

8 3348 17 3395 ’ξ
104 3354 168 3383 ra
207 3340 577 3387 Clazomenio
614 3359 649 3387 s.
693 3346 759 3389 de
802 3346 920 3390 vita

12 3413 16 3422 ’
105 3396 234 3442 eiu·
301 3401 470 3457 atque
538 3401 922 3462 philosophia

246 3480 277 3506 ο
341 3466 373 3494 0

167 1143 243 1195 ὅτι
262 1148 324 1196 τὰ
338 1146 669 1214 Ἀναξαγόρου]
702 1153 777 1198 Sic
802 1155 927 1201 codd.
951 1155 1120 1215 optimi.
1177 1155 1435 1215 Legebatm·
1456 1147 1533 1203 ’ὅτι
1554 1147 1596 1202 τ’
1618 1148 1798 1212 Ἀναξα-

982 1351 1026 1412 p.
1045 1354 1103 1398 30
1122 1369 1213 1410 sqq.
1242 1369 1284 1410 p.
1309 1353 1368 1397 70
1387 1367 1452 1409 sq.
1509 1353 1636 1397 Haec
1654 1353 1797 1412 igitur

983 1411 1147 1466 placita
1183 1412 1367 1455 Melitus
1406 1411 1579 1455 Socrati
1622 1412 1794 1454 tribue-

982 1470 1060 1511 bat
1075 1501 1088 1522 ‚
1143 1483 1277 1524 quem
1328 1467 1525 1512 novisset
1566 1468 1795 1521 Archelai,

983 1526 1061 1580 qui
1087 1525 1409 1582 Anaxagoram‘
1425 1525 1682 1578 audiverat,
1728 1531 1797 1568 at-

982 1598 1069 1639 que
1101 1584 1211 1625 adeo
1241 1582 1382 1638 ipsius
1410 1582 1700 1640 Anaxagorae
1726 1582 1796 1626 ‹li-

980 1640 1202 1696 scipulum
1219 1640 1371 1686 fuisse.

1039 1723 1119 1769 καὶ
1151 1720 1207 1779 δὴ
1241 1722 1323 1769 καὶ
1348 1722 1397 1769 οὶ
1425 1721 1525 1769 νέοι
1555 1724 1706 1768 ταῦτα
1731 1723 1791 1781 -]

984 1781 1162 1838 Optime
1185 1782 1765 1825 Schleiermacherus
1781 1796 1795 1824 ε

984 1855 1007 1880 ›>
1023 1840 1141 1885 Und
1178 1839 1297 1884 also
1339 1840 1486 1883 auch
1527 1838 1619 1883 die
1653 1838 1795 1890 jun-

985 1910 1018 1952 g
1034 1911 1094 1939 en
1150 1898 1328 1941 Leute
1383 1895 1590 1939 lernen
1638 1895 1794 1939 wohl

986 1955 1080 1997 das
1130 1967 1236 1996 von
1288 1952 1395 1996 mir
1445 1957 1529 1997 etc.
1550 1969 1572 1992 ‹<
1650 1951 1795 1996 Nimi-

983 2024 1085 2054 rum
1106 2009 1304 2065 loquitur
1326 2009 1529 2054 Socrates
1550 2009 1719 2052 ironice
1750 2012 1794 2052 et

984 2081 1037 2109 ex
1062 2081 1246 2122 persona
1270 2067 1432 2110 Meliti.
1486 2067 1534 2109 H
1546 2066 1596 2108 ei
1608 2082 1636 2109 n
1651 2066 1678 2107 d
1691 2080 1717 2109 o
1728 2080 1751 2107 r
1762 2067 1794 2107 f.

982 2122 1335 2178 interpunctione
1370 2128 1473 2167 ante
1509 2122 1589 2166 καὶ
1626 2118 1683 2177 δὴ
1713 2121 1796 2166 καί

983 2181 1159 2223 sublata
1177 2180 1291 2222 haec
1309 2193 1485 2235 quoque
1502 2179 1695 2235 pendere
1715 2193 1796 2229 vo<-

983 2237 1103 2279 lebat
1121 2250 1148 2279 a
1172 2251 1428 2292 praegresso
1449 2231 1522 2280 ὅτι
1535 2268 1548 2290 ,
1587 2250 1700 2291 quae
1719 2250 1794 2287 ra·-¹

981 2294 1046 2336 tio
1080 2293 1193 2335 mihi
1223 2294 1400 2349 quidem
1427 2293 1665 2336 admodum
1689 2307 1795 2335 con-

982 2355 1097 2394 torta
1134 2350 1321 2393 videtur.
1383 2349 1477 2394 Nec
1527 2364 1637 2405 opus
1684 2354 1791 2405 putu

981 2407 1178 2450 scribere
1196 2407 1392 2452 τοιαῦτα
1415 2400 1523 2466 παρ’
1536 2405 1650 2463 ἐμοῦ
1676 2422 1792 2464 μαν-

979 2463 1224 2509 θάνουσιν.

1038 2550 1244 2608 δραχμῆς
1274 2546 1324 2594 ἐκ
1351 2548 1436 2605 τῆς
1457 2543 1713 2615 ὀρχήστρας
1729 2548 1791 2605 -]

981 2606 1288 2650 Dacicrius
1327 2602 1440 2649 haec
1467 2605 1533 2649 ita
1564 2605 1795 2662 intelhgit,

982 2677 1034 2706 ac
1055 2664 1093 2706 si
1115 2663 1223 2707 libri
1240 2663 1365 2706 hisce
1384 2663 1672 2719 Anaxagorae
1695 2663 1793 2718 pla-

983 2721 1082 2763 citis
1119 2720 1272 2763 referti
1320 2734 1374 2762 ex
1410 2720 1639 2762 orchestra
1686 2719 1793 2769 dra-

983 2779 1143 2820 chmae
1168 2778 1307 2833 pretio
1330 2775 1419 2818 emi
1435 2776 1670 2833 potuerint.
1702 2776 1791 2818 Sed

982 2841 1101 2878 recte
1136 2839 1284 2878 monet
1310 2834 1622 2877 Forsterus
1663 2833 1794 2875 inau-

984 2892 1124 2935 ditum
1158 2905 1278 2944 esse,
1319 2891 1437 2946 quod
1467 2889 1548 2932 ille
1571 2903 1794 2932 commen·
1842 2930 1849 2944 ι

985 2954 1056 2993 tus
1085 2953 1180 3001 est,
1214 2947 1262 2990 in
1296 2947 1522 2990 orchestra
1545 2946 1687 2989 libros
1717 2960 1794 2989 ve-

985 3007 1109 3049 nales
1142 3003 1402 3061 prostitisse.
1465 3004 1611 3048 Locus
1641 3017 1694 3045 ex
1719 3002 1795 3045 his

985 3064 1130 3107 lucem
1163 3075 1288 3104 suam
1326 3059 1526 3116 accipiet.
1593 3058 1795 3110 Athenis,

984 3134 1121 3176 quum
1161 3119 1270 3161 olim
1294 3117 1343 3160 in
1376 3116 1565 3160 theatris
1596 3117 1720 3160 sedes
1748 3121 1794 3158 et

984 3178 1084 3220 loca
1105 3190 1196 3231 non
1211 3175 1343 3219 vendi
1362 3173 1494 3219 solita
1514 3179 1682 3225 essent,
1718 3173 1796 3215 sed

984 3234 1170 3290 quisque
1213 3231 1354 3289 gratis
1392 3235 1591 3287 spectare
1627 3229 1797 3286 potuis-

985 3295 1074 3342 set,
1104 3289 1300 3332 Pericles
1323 3288 1493 3345 primus
1518 3285 1680 3329 dicitur
1708 3287 1798 3330 hoc

987 3345 1292 3399 constituisse,
1349 3351 1400 3389 ut
1451 3345 1704 3387 locarentur
1752 3345 1799 3385 et

988 3404 1311 3447 venderentur:
1400 3401 1520 3458 quod
1569 3400 1799 3446 dicebatur
