2040 3646
752 126 1074 193 PHAEDO.
1652 132 1757 189 207

62 268 169 350 γὰρ
208 266 422 329 τούτων
456 265 792 348 ἐπιστήιιων,
845 267 905 328 τί
933 263 1042 347 χρὴ
1076 270 1288 335 ποιεῖν,·
1379 264 1563 327 Οὐδὲν
1598 261 1755 340 amo,

61 357 199 435 ἔφη,
243 350 284 434 ἢ
304 354 499 414 πιόντα
522 353 785 431 περιιέναι
799 395 815 425 ,
857 355 960 424 ἕως
984 349 1054 411 ἄν
1078 366 1192 412 σου
1215 350 1388 428 βάρος
1409 352 1467 412 ἐν
1487 357 1602 424 τοῖς
1623 351 1754 412 σκέ-

59 445 179 499 λεσι
199 439 436 518 γένηται,
478 439 659 497 ἔπειτα
680 443 1054 496 κατακεῖσθαι·
1095 438 1190 496 καὶ
1215 432 1393 508 οὕτως
1419 433 1560 498 αὐτὸ
1584 435 1822 516 nomi—B

33 536 159 584 ’σει.
249 526 366 583 Καὶ
404 520 516 598 α’μα
542 520 702 599 ὤρεξε
730 519 897 608 τήν
866 522 1069 583 κύλικα
1103 545 1178 605 τῳ
1157 519 1498 599 Σωκράτει.
1555 522 1650 579 καὶ
1686 518 1753 594 ὃς

60 605 246 685 λαβὼν
285 609 379 666 καὶ
413 607 559 684 guva
595 611 778 680 ἵλεως,
851 609 895 666 ὥ
934 584 1304 713 Ἐχέκρατες,
1341 603 1512 666 οὐδὲν
1554 605 1751 683 τρέσας

59 692 194 753 οὐδὲ
228 694 562 770 διαφθείρας
596 688 728 752 ου’τε
768 696 880 752 τοῦ
915 691 1201 769 χρώματος
1229 687 1358 749 οὔτε
1390 697 1497 751 τοῦ
1526 690 1750 768 προςώ-

57 796 204 850 που,
259 774 394 849 ἀλλ’,
452 774 628 853 ὥςπερ
666 774 877 849 εἰώθει,
941 772 1223 856 ταυρηδὸν
1246 772 1571 851 ὑποβλέψας
1605 772 1749 853 πρὸς

55 860 155 922 τὸν
180 859 510 938 ανθρωπον,
563 861 635 918 Τί
651 860 848 938 λέγεις,
885 860 1021 940 ἔφη,
1063 861 1187 937 περὶ
1210 863 1375 919 τοῦδε
1407 865 1514 920 τοῦ
1547 858 1743 935 πῶμα-υ

56 969 152 1019 τος
172 941 315 1022 πρὸς
339 943 404 1004 τὸ
431 942 764 1004 αποσπεῖσαί
795 966 932 1012 τινι,·
973 943 1202 1020 ε’ξεστιν,
1211 940 1286 1047 ἢ
1322 940 1428 1013 ου’,·
1519 947 1745 1004 Ίοσοῦ-

55 1054 192 1103 τον,
235 1030 372 1109 ἔφη,
431 1030 476 1088 ὥ
498 1029 815 1107 Σώκρατες,
869 1029 1147 1116 τρίβομεν,
1204 1024 1342 1088 ὅσον
1374 1026 1611 1105 οἰόμεθα
1643 1028 1743 1105 μέ-

53 1138 208 1194 τριον
233 1121 370 1174 εἰναι
395 1107 552 1174 πιεῖν.
638 1111 1056 1195 Μανθάνω,η
1098 1110 1209 1174 δ’
1184 1110 1264 1185 ο’·ς
1325 1110 1446 1172 αλλ’
1479 1110 1746 1190 εὔχεσθαί

52 1202 116 1279 γέ
143 1219 259 1259 που
299 1205 416 1270 τοῖς
441 1205 596 1276 θεοῖς
621 1196 792 1269 ἔξεστί
818 1221 874 1256 τε
906 1138 1056 1257 καὶη
1033 1197 1140 1301 χρὴ
1161 1196 1263 1279 τὴν
1296 1197 1610 1278 μετοίκησιν
1641 1194 1744 1278 τὴν
1767 1197 1814 1253 G

58 1285 277 1346 ἐνθένδε
311 1284 478 1344 ἐκεῖσε
498 1282 708 1365 εὐτυχῆ
737 1284 1011 1362 γενέσθαι·
1067 1279 1105 1343 ἃ
1139 1280 1212 1364 δὴ
1246 1283 1341 1342 καὶ
1376 1279 1478 1362 ἐγώ
1514 1279 1746 1360 εὔχομαί

112 1445 261 1503 οὕτως
279 1444 394 1495 αὐτὸ
414 1446 630 1507 ποιήσει]
662 1449 767 1494 Bas.
789 1449 832 1494 2.
870 1453 914 1494 et
934 1448 1143 1507 Stephan.
1173 1446 1398 1508 ποιήσεις.
1456 1448 1606 1493 Ceteri
1634 1447 1744 1493 libri

56 1507 258 1566 ποιήσει.
287 1523 329 1551 v.
353 1514 500 1552 annot.

55 1624 77 1667 l
101 1566 220 1669 ιπερὶ
236 1566 377 1668 {3333
401 1566 486 1611 τοῦ
509 1562 757 1622 πώματος]
786 1563 913 1609 Libri
934 1564 1102 1610 habent
1117 1560 1343 1621 πόματος.
1381 1563 1471 1610 sed
1489 1577 1532 1609 v.
1557 1563 1615 1608 ad
1632 1562 1746 1608 Phi·-

78 1639 101 1667 0
169 1640 213 1681 P·

57 1765 206 1809 ubivis
215 1765 385 1809 habere
402 1764 495 1808 vim
510 1763 729 1820 quandam
750 1779 778 1820 p
787 1778 811 1806 r
821 1777 871 1807 o-

62 1823 263 1878 baudi,
314 1823 361 1864 id
398 1837 478 1864 nos
506 1822 683 1876 quidem
712 1836 870 1864 verum

63 1895 159 1922 esse
192 1879 313 1922 haud
348 1884 603 1922 cunctanter
638 1893 867 1935 negamus.

61 1951 105 1980 v.
128 1937 234 1992 adp
239 1935 343 1978 ..95
368 1937 421 1978 A.
443 1951 480 1978 c.
507 1936 655 1979 XLIV.
707 1934 871 1977 Videli-

65 2000 136 2036 cet
173 1993 451 2049 probandi
479 1992 744 2048 significatio
782 2006 870 2033 non

64 2050 153 2106 ipsi
170 2050 382 2092 voculae
369 2059 504 2105 mest,
549 2050 624 2091 sed
647 2049 872 2104 proximae

63 2108 213 2164 potius
246 2107 486 2149 sententiae
518 2108 589 2148 vel
615 2105 875 2162 disputatio-

66 2165 135 2207 nis
158 2163 458 2215 conversioni,
499 2168 549 2204 ut
575 2164 621 2206 h.
646 2164 677 2206 l.
754 2164 873 2205 Ube-

64 2221 160 2264 rius
202 2222 256 2263 de
290 2222 377 2263 hac
423 2235 473 2262 re
511 2221 678 2263 dictum
717 2224 782 2262 est
819 2219 875 2262 ad

67 2278 376 2344 Euthyplnon.
413 2293 454 2332 p.
483 2275 540 2319 88
571 2292 634 2345 sq.
705 2276 876 2319 Deinde

66 2335 409 2404 praemittuntur
428 2335 563 2376 verba
581 2331 634 2376 σύ
658 2331 761 2400 γάρ
769 2331 877 2377 τού-

67 2408 160 2436 των
181 2389 458 2447 ἐπιστήμων,
487 2391 592 2445 quia
606 2390 764 2433 Graeci
778 2399 877 2433 enm=

65 2449 307 2493 sententiae
324 2453 522 2504 partem,
564 2462 676 2502 quac
699 2462 878 2489 causam

69 2506 259 2558 indicat,
288 2520 462 2560 quare
452 2505 621 2558 aliquid
645 2505 742 2546 fieri
769 2505 878 2546 ‹liei-

71 2568 170 2615 tur,
213 2563 362 2606 addita
395 2561 612 2617 particula
640 2559 728 2619 γάρ
753 2562 875 2616 prius

71 2621 215 2664 solent
253 2619 505 2671 enuntiare,
561 2633 693 2672 quam
735 2618 878 2673 ipsam

71 2690 170 2720 rem
227 2681 476 2732 posuerunt.
553 2677 592 2717 A
614 2690 638 2717 e
663 2690 682 2717 s
705 2690 728 2717 c
743 2675 775 2716 h
793 2691 822 2731 y
842 2676 874 2718 l.

70 2734 228 2802 Agam.
252 2732 440 2776 v.1077.
473 2727 628 2799 ἐγώδζ
659 2730 880 2775 ἐποικτεί-

0 2789 1 2793 ’
72 2806 137 2849 geo
165 2787 279 2848 γάρ,
318 2805 373 2832 ου
404 2769 697 2858 θυμώσομαι.
751 2789 882 2858 Sym-

0 2848 1 2852 ’
73 2862 168 2904 pos.
198 2845 360 2915 Ρ.1Ί5.
391 2846 440 2888 C.
469 2842 552 2888 τὸν
576 2839 880 2919 οὖνἈγάθω-

73 2920 159 2956 να,
187 2901 441 2970 τυγχάνειν·
459 2899 545 2961 γὰρ
580 2902 767 2974 ἔσχατον
799 2920 882 2947 κα-

72 2961 339 3027 τακείμενον
358 2956 514 3014 μόνον,
546 2958 707 3034 δετρᾯ
690 2958 881 3029 ἕφηφά-

73 3034 178 3071 ναι,
208 3015 465 3075 Σώκρατες,
504 3017 613 3076 παρ’
644 3016 721 3072 ἐμὲ
746 3035 885 3062 κατοι-

75 3086 214 3118 κεισο.
271 3076 406 3118 Prors
389 3088 486 3126 sue,
536 3081 586 3117 ut
639 3076 728 3117 hoc
769 3076 885 3128 loco,

76 3131 186 3175 ibid.
222 3131 387 3200 p.204.
422 3131 471 3173 C.
510 3130 590 3174 καὶ
624 3128 709 3186 ἐγὼ
737 3129 894 3204 εἶπον,

74 3185 171 3232 εἷεν
195 3146 281 3244 δή,
310 3181 345 3231 ὦ
367 3187 413 3240 ξέ
397 3203 499 3259 εᾷνη
529 3190 678 3239 καλῶς
705 3187 792 3247 γὰρ
819 3188 886 3232 λε’-

76 3258 183 3300 γεις·
225 3247 440 3294 τοιοῦτος
466 3260 529 3290 ων
562 3241 587 3288 ὁ
603 3241 753 3314 Ἔρως
783 3246 891 3291 τίνοι

80 3301 237 3361 χρείαν
253 3299 342 3360 ἔχει
362 3303 462 3355 τοῖς
481 3297 779 3363 ἀνθρωποις;

990 1764 1045 1808 Β.
1077 1760 1160 1816 εως
1181 1758 1240 1808 ἅν
1259 1776 1342 1808 σου
1363 1761 1534 1822 βάρος]
1565 1760 1746 1818 Nequin

936 1834 1020 1866 σου
1044 1822 1090 1864 in
1112 1835 1186 1866 σοι
1205 1823 1466 1867 mutandum
1484 1821 1742 1874 arbitretur,

934 1894 976 1923 v.
997 1879 1054 1922 ad
1075 1880 1241 1922 Criton.
1267 1894 1304 1922 e.
1330 1879 1424 1921 XV.

989 1934 1068 1979 καὶ
1092 1931 1239 1987 οὕτως
1254 1930 1369 1979 αὐτὸ
1387 1931 1592 1991 ποιήσει]
1623 1937 1746 1977 »at-

935 2008 1040 2049 que
1089 1993 1200 2048 ita,
1254 1993 1370 2036 inter
1407 1992 1743 2043 ambulandum,

936 2065 1035 2107 per
1064 2064 1120 2093 se
1148 2051 1328 2106 ipsum
1357 2050 1565 2092 efficax
1594 2047 1743 2100 erit,

936 2107 1129 2150 utnulla
1147 2107 1237 2150 alia
1254 2121 1304 2149 re
1329 2121 1437 2162 opus
1458 2107 1528 2150 sit.
1565 2107 1743 2157 Ποιεῖν,

936 2169 987 2207 ιιι
1007 2165 1215 2206 Latinum
1239 2165 1459 2215 facere,
1496 2164 1550 2205 de
1576 2176 1745 2218 prae-

939 2221 1204 2264 sentibus
1245 2221 1512 2262 remediis
1552 2220 1746 2274 positum

940 2278 1056 2334 apud
1090 2276 1395 2321 Dioscoridem
1423 2276 1642 2332 imprimis
1673 2290 1748 2318 re-

939 2335 1122 2404 peritur,
1155 2349 1197 2380 v.
1227 2349 1264 2377 c.
1288 2336 1323 2377 Ι.
1353 2332 1424 2377 95.
1468 2337 1599 2378 ποιεῖ
1627 2329 1746 2391 πρὸς

940 2390 1193 2456 φάρμακα,
1250 2392 1411 2435 valet
1467 2392 1746 2435 adversus

938 2463 1170 2493 venena.
1187 2466 1209 2488 «
1237 2449 1533 2491 Heindorf.

994 2506 1075 2550 ’καὶ
1092 2504 1217 2561 μάλα
1241 2505 1399 2561 ἵλεως]
1445 2505 1747 2548 admodrrn

939 2563 1116 2607 hilari
1130 2578 1163 2605 s.
1193 2564 1418 2619 Frequens
1438 2568 1504 2604 est
1523 2562 1602 2606 καὶ
1621 2560 1748 2617 μάλα

943 2621 1007 2663 sic
1039 2620 1256 2676 positum,
1302 2626 1351 2662 ιιι
1379 2620 1459 2663 καί
1483 2619 1575 2661 vim
1603 2619 1749 2661 inten-

945 2677 1076 2720 dendi
1094 2677 1272 2720 habeat.
1304 2678 1411 2719 Mox
1429 2675 1507 2719 καὶ
1529 2673 1652 2731 μάλα
1674 2669 1750 2720 εὖ·

942 2735 1086 2793 χερῶς
1105 2734 1182 2777 καὶ
1207 2731 1403 2783 εὐκόλως
1420 2732 1490 2787 ἑξέ
1478 2748 1582 2776 ·πι.ε

1001 2787 1239 2849 ταυρηδὸν
1277 2787 1486 2847 υποβλέψ
1492 2790 1576 2845 ας]
1625 2789 1676 2834 h.
1707 2801 1749 2830 e.

944 2853 1111 2892 torvo
1139 2849 1311 2890 vultu
1339 2849 1595 2901 intuens,
1655 2845 1751 2886 de-

945 2906 1088 2949 fixis
1141 2905 1197 2947 in
1246 2919 1373 2947 eum
1411 2904 1611 2947 oculis.
1661 2901 1751 2944 vid.

947 2963 1229 3019 Wyttenb.
1274 2961 1421 3017 Epist
1434 2961 1561 3003 wcait.
1604 2975 1646 3015 p.
1668 2957 1748 2999 46.

947 3020 1256 3063 Proximorum
1276 3014 1514 3061 verborum
1541 3015 1756 3061 sententia

948 3077 1062 3119 haec
1111 3080 1197 3118 est.
1256 3075 1474 3117 licetne
1535 3074 1600 3116 de
1647 3073 1754 3113 hac

948 3133 1180 3199 potione
1214 3132 1456 3176 libare
1500 3127 1754 3185 aliquid

951 3190 1140 3234 alicui
1168 3189 1298 3231 deo?

1008 3244 1194 3303 μέτριον
1221 3242 1342 3290 εἶναι
1373 3259 1422 3290 π.
1438 3248 1460 3297 ]
1500 3244 1549 3287 1ι.
1586 3257 1629 3287 e.
1665 3256 1762 3287 na·-

952 3302 1029 3349 tis
1057 3317 1196 3347 esse.

1077 3362 1234 3420 14*
