2040 3646
1705 144 1810 201 153

127 275 334 353 τούτου
356 274 688 347 συνουσίας,
731 273 864 335 οὔθ’
885 273 996 353 όπῃ
1031 275 1473 357 προςαγαγοίιιην
1504 273 1678 337 αὐτὸν
1711 275 1809 337 ευ.-

130 361 363 446 πόρουν.
407 361 472 419 εὐ
498 357 600 438 γὰρ
627 358 754 440 ἤδη,
798 357 881 419 ὅτι
901 360 1140 443 χρηιιασί
1160 386 1214 422 τε
1240 360 1387 425 πολὺ
1410 359 1669 438 μᾶλλον”
1632 385 1807 438 ατρω-
1831 361 1884 418 Ε

130 470 225 517 τος
262 436 336 525 ἦν
372 449 619 521 πανταχῇ
659 441 697 524 ἠ
741 445 950 528 σιδήρῳ
991 444 1023 505 6
1063 431 1226 519 Αἴας,
1284 448 1328 504 ὠ
1368 470 1423 505 τε
1446 444 1600 530 σ’ίμην
1637 444 1809 507 αὐτόν

134 530 285 613 μόνω
313 528 656 600 ἁλώσεσθαι,
712 529 1054 608 διεπεφεύγει
1078 554 1158 606 με.
1201 529 1455 611 ἠπόρουν
1487 530 1588 610 δη,
1640 554 1810 590 κατα-

135 589 381 683 δεδόυλοι
364 614 543 690 μένος
565 636 619 671 τε
641 610 755 672 ὑπὸ
787 619 892 673 τοῦ
919 613 1224 692 ανθρώπου
1259 613 1333 687 ὥς
1366 613 1551 687 ουδεὶς
1585 612 1682 675 ὑπ’
1705 613 1809 676 οὖν·

130 697 288 770 δενός
312 697 488 757 ἄλλου
518 702 728 775 περιῇα.
821 698 1014 758 Ταῦτά
1049 722 1104 758 τε
1138 698 1241 778 γάρ
1264 722 1358 776 μοι
1387 697 1598 758 α’παντα
1624 698 1812 776 πρου-

112 781 361 861 γεγόνει,
418 783 512 841 καὶ
547 779 678 858 μετὰ
715 788 888 841 ταῦτα
922 784 1172 861 στρατεία
1208 781 1341 863 ἡμῖν
1390 786 1466 857 εἰς
1505 786 1812 844 Ποτίδαιαν

131 868 336 946 ἐγένετο
368 863 526 946 κοινὴ
561 867 652 924 καὶ
691 873 1082 945 συνεσιτοῦμεν
1127 868 1246 927 ἐκεῖ.
1314 873 1532 945 πρῶτον
1573 870 1670 946 μὲν
1705 859 1814 929 οὖν

133 959 247 1023 τοῖς
273 949 466 1022 πόνοις
495 949 572 1009 ου’
598 948 774 1026 μόνον
800 952 936 1027 ἐμοῦ
959 957 1180 1032 περιῆν,
1223 949 1362 1010 αλλα
1386 954 1479 1011 και
1501 958 1610 1012 τῶν
1631 951 1813 1015 ἄλλων

131 1034 402 1095 απαντοιν.
429 1030 590 1094 ὁπότε
603 1040 743 1113 γοῦν
756 1034 1225 1116 αναγκασθείημεν
1241 1035 1658 1123 αποληφθέντες
1670 1054 1805 1112 που,

131 1117 222 1179 οἷα
247 1117 318 1200 δὴ
344 1120 430 1178 ἐπὶ
453 1120 748 1198 στρατείας,
792 1118 1009 1205 ασιτεῖν,
1051 1120 1220 1181 ου’δεν
1240 1124 1387 1202 ἦσαν
1412 1123 1466 1181 οἱ
1490 1120 1648 1182 αλλοι
1671 1120 1811 1200 πρὸς
1832 1131 1957 1190 220

130 1202 196 1264 τὸ
229 1210 518 1284 καρτερεῖν.
583 1205 641 1264 έν
675 1202 720 1263 τ’
744 1206 821 1265 αὐ
853 1212 971 1278 ταῖς
1013 1204 1272 1284 εὐωχίαις
1302 1205 1474 1284 μόνος
1513 1204 1813 1273 απολαύειν

757 140 1187 194 SYMPOSIUM.

191 1453 296 1509 Cap.
314 1452 491 1496 XXXV.

552 1446 603 1497 εὖ
624 1450 710 1509 γὰρ
737 1450 860 1513 ᾔδη]
890 1455 964 1498 Sic
985 1456 1114 1499 Bodl.
1133 1470 1216 1512 pro
1233 1458 1355 1526 vulg.
1381 1448 1525 1516 ᾔδειν.

192 1468 481 1566 διεπεφεύγει
498 1511 583 1580 με]
624 1513 847 1555 Bekkerus
864 1528 915 1555 ex
945 1528 1057 1556 ιιιιο.
1102 1503 1401 1584 διαπεφεύγει
1422 1530 1492 1572 με.
1551 1513 1699 1559 Ceteri
1723 1514 1816 1558 fere

132 1582 284 1611 omnes
307 1565 593 1637 διεπεφεύγει
611 1585 681 1625 με.
723 1570 874 1622 Pauci
891 1568 1171 1640 διαπέφευγέ
1188 1586 1257 1626 με.

191 1621 333 1669 ὁπότε
348 1627 463 1680 γοῦν
484 1622 599 1680 ἀνα)
602 1627 760 1682 nana]
790 1629 935 1684 Vulgo
959 1623 1137 1671 ὁπόταν
1154 1629 1268 1682 γοῦν
1291 1621 1700 1683 αναγκασθείημεν.
1731 1628 1820 1672 Seu

137 1677 278 1726 οπότε
298 1684 422 1725 codd.
443 1684 650 1727 meliores
669 1700 832 1727 omnes.
890 1686 978 1741 Qui
1003 1686 1120 1739 quod
1142 1685 1276 1728 etiam
1298 1686 1413 1739 γοῦν
1436 1685 1664 1738 abiiciunt,
1694 1686 1820 1740 equi-

137 1740 237 1781 dem
270 1755 369 1782 eam
402 1743 606 1783 voculam
639 1743 896 1785 servandam
932 1743 1142 1785 iudicavi.
1211 1744 1340 1784 Certe
1371 1743 1566 1797 quinque
1600 1719 1682 1785 ali'i
1710 1742 1819 1786 libri

136 1810 234 1838 eam
257 1801 448 1839 tuentur.
505 1798 674 1841 Deinde
702 1800 931 1853 vuloatum
963 1794 1321 1852 ἀπολειφθέντες
1355 1800 1408 1841 de
1435 1799 1689 1842 coniectura
1705 1799 1819 1842 Astii

136 1853 185 1895 in
213 1847 562 1923 ἀποληφθέντες
586 1863 694 1899 mut}
695 1857 867 1899 ivimus.
925 1858 1148 1898 Heusdius
1173 1857 1362 1912 Specim.
1385 1856 1480 1900 crit.
1508 1872 1549 1911 Ρ.
1570 1856 1639 1898 17.
1665 1858 1821 1913 legen-

139 1910 244 1952 dum
265 1912 493 1966 proposuit
516 1907 874 1980 ἀπολειφθέντες
892 1914 1035 1957 σίτου.
1064 1913 1268 1956 Ficinus:
1301 1918 1355 1956 et
1383 1913 1434 1955 si
1457 1927 1561 1967 quo
1590 1913 1647 1955 in
1672 1914 1820 1967 loeo,

139 1972 196 2011 ut
221 1968 484 2011 accidere
511 1969 703 2014 solet‘
689 1985 745 2014 111
772 1971 962 2024 bello,
990 1975 1343 2014 commeatus
1372 1970 1676 2014 deficeret.

138 2127 276 2172 animi
313 2129 498 2173 consilia
527 2130 736 2185 agitantis
764 2131 947 2188 gravius

137 2185 351 2229 indicium
373 2187 490 2231 fucit.
526 2189 652 2231 Haec
674 2203 789 2231 nune
809 2189 948 2246 signi-

139 2243 295 2285 ficasse
333 2244 553 2296 sufficiat3
610 2246 739 2300 plura
777 2245 831 2290 de
860 2247 948 2289 hoe

139 2306 402 2399 argumento
466 2302 786 2358 disputabimus
857 2303 947 2348 alio

160 2370 239 2398 oco

200 2469 252 2512 Ε.
310 2470 524 2525 στρατεία
570 2466 646 2526 ἦμ.
700 2471 765 2522 εἰς
811 2471 949 2517 Ποτί-

143 2525 311 2582 δαιαν]
360 2527 506 2570 Huius
530 2528 840 2584 expeditionis,
878 2530 951 2572 cui

145 2583 348 2626 Socrates
378 2590 422 2627 et
453 2585 726 2628 Alcibiades
741 2587 952 2629 interfue-

144 2645 272 2692 runt,
309 2640 438 2683 Plato
472 2642 645 2697 saepius
683 2644 951 2686 mentionem

144 2696 271 2751 facit,
312 2698 450 2740 veluti
483 2700 517 2740 A
523 2700 669 2755 p.olog
702 2701 869 2744 Socrat.
906 2716 950 2756 Ρ.

146 2752 217 2796 28.
242 2755 293 2795 Ε.
334 2769 371 2796 c.
394 2755 529 2801 XVII
570 2762 613 2799 et
646 2756 871 2801 Charmid.
907 2773 951 2813 Ρ.

146 2809 246 2880 153.
271 2811 323 2853 Α.
343 2811 391 2853 C.

205 2865 345 2911 ὁπότε
384 2868 498 2922 γοῦν
542 2861 730 2926 αναγκ.]
784 2870 956 2914 Confir-

149 2931 243 2967 mat
266 2925 404 2978 γοῦν,
447 2930 496 2967 ιιι
522 2926 618 2969 Lat.
636 2931 799 2970 certe
828 2928 954 2982 qui-

150 2981 293 3034 dem,
344 2982 643 3026 antecedentia
676 2999 776 3026 cum
804 2986 954 3039 aliqua

147 3037 448 3091 restrictione,
496 3041 582 3081 hoc
605 3045 669 3082 est
691 3041 754 3083 ita
774 3046 823 3083 ut
840 3042 954 3084 indi—

150 3098 219 3137 cet
239 3094 326 3135 hoc
359 3101 501 3148 certe,
539 3097 653 3150 quod
684 3112 799 3140 nunc
835 3112 958 3139 com-

150 3155 419 3193 memoretur
436 3185 449 3206 ‚
505 3153 732 3196 veritatem
788 3168 957 3206 eorum,

149 3221 267 3260 quae
297 3214 427 3251 antea
455 3209 570 3253 dieta
604 3211 715 3263 sint,
753 3211 858 3253 satis
891 3216 957 3253 te·-

149 3263 259 3306 stari
273 3278 286 3315 ;
316 3265 389 3305 sed
403 3265 490 3307 alia
504 3266 637 3308 etiam
651 3282 777 3322 posse
791 3267 960 3318 afferri,

147 3334 264 3419 {uae
293 3326 440 3364 tamen
481 3337 595 3365 nune
631 3324 854 3367 reticenda
891 3323 959 3365 vi*

180 3381 346 3424 eantur.
378 3393 419 3423 V.
440 3379 496 3423 ad
517 3378 690 3426 c.'V111.
712 3381 762 3428 C.
780 3378 781 3381 ¹
822 3379 958 3425 Cuius

1011 2130 1188 2188 quidem
1239 2129 1574 2198 significationis
1621 2130 1823 2187 exempla

1012 2203 1150 2244 quum
1172 2189 1404 2231 innumera
1424 2187 1726 2255 reperiantur,
1754 2194 1825 2231 ta-

1012 2260 1114 2288 men
1133 2246 1255 2287 haud
1280 2244 1371 2287 seio
1404 2259 1460 2287 an
1482 2245 1542 2299 ii,
1581 2244 1658 2299 qui
1686 2259 1825 2288 vocu-

1011 2304 1102 2345 lam
1137 2303 1224 2344 hoc
1261 2302 1360 2343 loco
1402 2301 1671 2354 omiserunt,
1726 2302 1824 2343 eius

1013 2359 1104 2402 vim
1127 2373 1212 2401 non
1233 2359 1337 2401 satis
1358 2357 1642 2414 perceperint.
1700 2358 1827 2401 Alio-

1013 2415 1122 2471 quin
1161 2414 1279 2457 enim
1312 2429 1396 2457 non
1439 2415 1699 2458 maluissent
1735 2415 1825 2457 hoc

1024 2467 1274 2516 ἀσύνδετον
1292 2473 1496 2523 tolerare,
1525 2485 1659 2526 quam
1669 2485 1825 2514 vocem

1014 2543 1253 2585 sanequam
1285 2529 1511 2585 eleganter
1531 2527 1721 2584 positam
1749 2542 1827 2571 eo-

1015 2586 1163 2628 dicum
1181 2586 1455 2640 quorundam
1475 2585 1736 2628 auctoritate
1749 2599 1827 2628 ex·-

1016 2643 1207 2691 trudere.
1263 2642 1486 2685 Nimirum
1506 2641 1590 2684 etsi
1613 2642 1727 2684 haec
1748 2642 1828 2685 ad·-

1016 2700 1110 2742 dita
1134 2702 1232 2742 sunt
1249 2698 1329 2751 ita,
1356 2703 1406 2742 ut
1426 2698 1702 2754 praecedenti
1725 2713 1828 2741 sen—

1017 2757 1180 2800 tentiae
1233 2755 1521 2798 illustrandae
1567 2755 1825 2809 inserviant,

1017 2818 1164 2856 tamen
1186 2826 1272 2853 non
1283 2812 1473 2866 ubique
1460 2827 1505 2854 m
1526 2812 1691 2856 talibus
1706 2826 1829 2855 com-

1017 2871 1148 2915 mode
1178 2871 1281 2911 abes
1286 2883 1331 2910 se
1355 2874 1534 2924 possunt
1555 2862 1828 2911 coniunctio-

1018 2941 1109 2970 nes.
1168 2927 1374 2968 Ceterum
1412 2925 1483 2967 illi
1518 2926 1704 2982 πρῶτον
1742 2923 1828 2980 μέν

1019 2983 1066 3026 in
1092 2982 1324 3052 proximis
1362 2983 1644 3050 respondent
1688 2983 1828 3026 verba

1020 3038 1138 3108 πρὸς
1167 3038 1215 3082 δε
1238 3031 1303 3081 αὖ
1323 3053 1405 3087 τας
1423 3039 1507 3082 τοῦ
1529 3055 1642 3095 χειμ.
1660 3054 1702 3081 κ.
1725 3054 1764 3082 τ.
1786 3040 1827 3082 λ.

1020 3097 1144 3140 itaut
1161 3094 1210 3139 δε
1233 3095 1292 3139 αὐ
1315 3095 1431 3136 idem
1446 3096 1501 3137 sit
1521 3096 1636 3151 qnod
1655 3094 1825 3138 ἔπειτα.

1080 3149 1428 3208 ἀποληφθέντες
1457 3153 1572 3207 που]
1603 3150 1829 3194 alicubi

1023 3224 1051 3257 a
1080 3214 1401 3252 commeatu
1431 3207 1747 3263 intercepti
1774 3210 1829 3250 et

1023 3266 1233 3332 prohib
1251 3265 1330 3309 iti.
1360 3280 1400 3307 v.
1430 3264 1828 3307 Hemsterhus.

1025 3323 1083 3366 ad
1132 3322 1265 3366 Arist.
1308 3323 1426 3365 I'lut.
1467 3335 1511 3367 v.
1543 3318 1642 3367 935.
1693 3324 1738 3368 et
1772 3319 1831 3366 ud

1023 3380 1252 3428 Phaedon.
1281 3394 1323 3436 p.
1349 3377 1420 3423 58.
1439 3378 1489 3423 G.
