<?xml version="1.0" encoding="UTF-8"?>
<!DOCTYPE html PUBLIC "-//W3C//DTD XHTML 1.0 Transitional//EN"
    "http://www.w3.org/TR/xhtml1/DTD/xhtml1-transitional.dtd">
<html xmlns="http://www.w3.org/1999/xhtml" xml:lang="en" lang="en">
 <head>
  <title>
</title>
<meta http-equiv="Content-Type" content="text/html;charset=utf-8" />
  <meta name='ocr-system' content='tesseract 3.04.00' />
  <meta name='ocr-capabilities' content='ocr_page ocr_carea ocr_par ocr_line ocrx_word'/>
</head>
<body>
  <div class='ocr_page' id='page_1' title='image "./s1s2s3operaomnia01platuoft_0421.png"; bbox 0 0 2040 3646; ppageno 0'>
   <div class='ocr_carea' id='block_1_1' title="bbox 0 2833 26 3646">
    <p class='ocr_par' dir='ltr' id='par_1_1' title="bbox 0 2833 26 3646">
     <span class='ocr_line' id='line_1_1' title="bbox 0 2833 26 3646; baseline 0 0"><span class='ocrx_word' id='word_1_1' title='bbox 0 2833 26 3646; x_wconf 95' lang='lat' dir='ltr'><strong> </strong></span> 
     </span>
    </p>
   </div>
   <div class='ocr_carea' id='block_1_2' title="bbox 670 159 1801 263">
    <p class='ocr_par' dir='ltr' id='par_1_2' title="bbox 670 159 1801 263">
     <span class='ocr_line' id='line_1_2' title="bbox 670 159 1801 263; baseline 0.006 -7"><span class='ocrx_word' id='word_1_2' title='bbox 670 205 768 256; x_wconf 84' lang='lat' dir='ltr'><strong>AD</strong></span> <span class='ocrx_word' id='word_1_3' title='bbox 785 159 1236 258; x_wconf 73' lang='lat' dir='ltr'>...SYMPOSIUM</span> <span class='ocrx_word' id='word_1_4' title='bbox 1770 210 1801 263; x_wconf 72' lang='grc' dir='ltr'><strong>’ἰ</strong></span> 
     </span>
    </p>
   </div>
   <div class='ocr_carea' id='block_1_3' title="bbox 106 339 1801 599">
    <p class='ocr_par' dir='ltr' id='par_1_3' title="bbox 106 339 1801 599">
     <span class='ocr_line' id='line_1_3' title="bbox 107 339 1801 400; baseline -0.001 -16"><span class='ocrx_word' id='word_1_5' title='bbox 107 343 338 400; x_wconf 79' lang='lat' dir='ltr'><strong>plinasqne</strong></span> <span class='ocrx_word' id='word_1_6' title='bbox 353 339 624 385; x_wconf 79' lang='lat' dir='ltr'><strong>certissimus</strong></span> <span class='ocrx_word' id='word_1_7' title='bbox 647 339 747 383; x_wconf 87' lang='lat' dir='ltr'><strong>dux.</strong></span> <span class='ocrx_word' id='word_1_8' title='bbox 796 340 941 395; x_wconf 85' lang='lat' dir='ltr'><strong>Atque</strong></span> <span class='ocrx_word' id='word_1_9' title='bbox 964 339 1051 383; x_wconf 88' lang='lat' dir='ltr'><strong>hac</strong></span> <span class='ocrx_word' id='word_1_10' title='bbox 1072 339 1271 387; x_wconf 81' lang='lat' dir='ltr'><strong>oratione</strong></span> <span class='ocrx_word' id='word_1_11' title='bbox 1289 339 1354 383; x_wconf 88' lang='lat' dir='ltr'><strong>ita</strong></span> <span class='ocrx_word' id='word_1_12' title='bbox 1374 339 1801 398; x_wconf 55' lang='lat' dir='ltr'><strong>exsultavit&#39;iuvenis</strong></span> 
     </span>
     <span class='ocr_line' id='line_1_4' title="bbox 107 410 1799 471; baseline -0.001 -15"><span class='ocrx_word' id='word_1_13' title='bbox 107 414 363 471; x_wconf 83' lang='lat' dir='ltr'>ingenium,</span> <span class='ocrx_word' id='word_1_14' title='bbox 408 418 460 455; x_wconf 86' lang='lat' dir='ltr'><strong>ut</strong></span> <span class='ocrx_word' id='word_1_15' title='bbox 487 426 638 454; x_wconf 75' lang='lat' dir='ltr'><strong>omnes</strong></span> <span class='ocrx_word' id='word_1_16' title='bbox 673 411 886 453; x_wconf 80' lang='lat' dir='ltr'><strong>convivae</strong></span> <span class='ocrx_word' id='word_1_17' title='bbox 919 411 1074 454; x_wconf 87' lang='lat' dir='ltr'><strong>eadem</strong></span> <span class='ocrx_word' id='word_1_18' title='bbox 1103 410 1262 452; x_wconf 78' lang='lat' dir='ltr'><strong>mentis</strong></span> <span class='ocrx_word' id='word_1_19' title='bbox 1302 411 1595 454; x_wconf 80' lang='lat' dir='ltr'><strong>concitatione</strong></span> <span class='ocrx_word' id='word_1_20' title='bbox 1624 412 1799 467; x_wconf 82' lang='lat' dir='ltr'><strong>abrepti</strong></span> 
     </span>
     <span class='ocr_line' id='line_1_5' title="bbox 107 482 1796 540; baseline -0.001 -13"><span class='ocrx_word' id='word_1_21' title='bbox 107 486 369 540; x_wconf 76' lang='lat' dir='ltr'><strong>plauderent</strong></span> <span class='ocrx_word' id='word_1_22' title='bbox 405 489 450 527; x_wconf 90' lang='lat' dir='ltr'><strong>et</strong></span> <span class='ocrx_word' id='word_1_23' title='bbox 479 498 568 526; x_wconf 89' lang='lat' dir='ltr'><strong>uno</strong></span> <span class='ocrx_word' id='word_1_24' title='bbox 602 497 680 525; x_wconf 89' lang='lat' dir='ltr'><strong>ore</strong></span> <span class='ocrx_word' id='word_1_25' title='bbox 713 483 956 526; x_wconf 85' lang='lat' dir='ltr'><strong>clamarent</strong></span> <span class='ocrx_word' id='word_1_26' title='bbox 994 482 1179 539; x_wconf 82' lang='lat' dir='ltr'><strong>dignam</strong></span> <span class='ocrx_word' id='word_1_27' title='bbox 1205 496 1310 525; x_wconf 88' lang='lat' dir='ltr'><strong>eum</strong></span> <span class='ocrx_word' id='word_1_28' title='bbox 1340 487 1385 525; x_wconf 84' lang='lat' dir='ltr'><strong>et</strong></span> <span class='ocrx_word' id='word_1_29' title='bbox 1419 496 1469 525; x_wconf 80' lang='lat' dir='ltr'><strong>se</strong></span> <span class='ocrx_word' id='word_1_30' title='bbox 1511 482 1610 539; x_wconf 85' lang='lat' dir='ltr'><strong>ipso</strong></span> <span class='ocrx_word' id='word_1_31' title='bbox 1636 488 1682 526; x_wconf 89' lang='lat' dir='ltr'><strong>et</strong></span> <span class='ocrx_word' id='word_1_32' title='bbox 1713 483 1796 526; x_wconf 83' lang='lat' dir='ltr'><strong>deo</strong></span> 
     </span>
     <span class='ocr_line' id='line_1_6' title="bbox 106 555 604 599; baseline -0.002 -1"><span class='ocrx_word' id='word_1_33' title='bbox 106 555 324 599; x_wconf 85' lang='lat' dir='ltr'><strong>habuisse</strong></span> <span class='ocrx_word' id='word_1_34' title='bbox 343 555 604 598; x_wconf 88' lang='lat' dir='ltr'><strong>orationem.</strong></span> 
     </span>
    </p>
   </div>
   <div class='ocr_carea' id='block_1_4' title="bbox 23 693 1835 3442">
    <p class='ocr_par' dir='ltr' id='par_1_4' title="bbox 23 693 1835 3442">
     <span class='ocr_line' id='line_1_7' title="bbox 222 693 1798 753; baseline -0.001 -14"><span class='ocrx_word' id='word_1_35' title='bbox 222 697 328 753; x_wconf 85' lang='lat' dir='ltr'><strong>Cap.</strong></span> <span class='ocrx_word' id='word_1_36' title='bbox 344 696 442 739; x_wconf 91' lang='lat' dir='ltr'><strong>XX.</strong></span> <span class='ocrx_word' id='word_1_37' title='bbox 461 718 518 729; x_wconf 93' lang='lat'>—</span> <span class='ocrx_word' id='word_1_38' title='bbox 538 695 656 738; x_wconf 84' lang='lat' dir='ltr'>XXI.</span> <span class='ocrx_word' id='word_1_39' title='bbox 711 694 810 737; x_wconf 87' lang='lat' dir='ltr'><strong>Iam</strong></span> <span class='ocrx_word' id='word_1_40' title='bbox 835 694 954 737; x_wconf 86' lang='lat' dir='ltr'><strong>vices</strong></span> <span class='ocrx_word' id='word_1_41' title='bbox 981 693 1160 737; x_wconf 81' lang='lat' dir='ltr'><strong>veniunt</strong></span> <span class='ocrx_word' id='word_1_42' title='bbox 1189 693 1245 736; x_wconf 86' lang='lat' dir='ltr'><strong>ad</strong></span> <span class='ocrx_word' id='word_1_43' title='bbox 1270 693 1511 738; x_wconf 83' lang='lat' dir='ltr'><strong>Socratem.</strong></span> <span class='ocrx_word' id='word_1_44' title='bbox 1568 695 1659 738; x_wconf 87' lang='lat' dir='ltr'><strong>Hic</strong></span> <span class='ocrx_word' id='word_1_45' title='bbox 1684 695 1798 738; x_wconf 88' lang='lat' dir='ltr'><strong>reli-</strong></span> 
     </span>
     <span class='ocr_line' id='line_1_8' title="bbox 107 763 1797 824; baseline -0.001 -14"><span class='ocrx_word' id='word_1_46' title='bbox 107 781 297 824; x_wconf 85' lang='lat' dir='ltr'><strong>quorum</strong></span> <span class='ocrx_word' id='word_1_47' title='bbox 323 766 570 817; x_wconf 87' lang='lat' dir='ltr'><strong>orationes,</strong></span> <span class='ocrx_word' id='word_1_48' title='bbox 600 779 713 820; x_wconf 91' lang='lat' dir='ltr'><strong>quae</strong></span> <span class='ocrx_word' id='word_1_49' title='bbox 739 779 820 807; x_wconf 90' lang='lat' dir='ltr'><strong>nec</strong></span> <span class='ocrx_word' id='word_1_50' title='bbox 840 780 892 808; x_wconf 85' lang='lat' dir='ltr'><strong>ex</strong></span> <span class='ocrx_word' id='word_1_51' title='bbox 921 766 1051 808; x_wconf 87' lang='lat' dir='ltr'><strong>firmo</strong></span> <span class='ocrx_word' id='word_1_52' title='bbox 1074 763 1290 821; x_wconf 87' lang='lat' dir='ltr'><strong>principio</strong></span> <span class='ocrx_word' id='word_1_53' title='bbox 1314 764 1472 808; x_wconf 89' lang='lat' dir='ltr'><strong>ductae</strong></span> <span class='ocrx_word' id='word_1_54' title='bbox 1502 779 1583 808; x_wconf 90' lang='lat' dir='ltr'><strong>nec</strong></span> <span class='ocrx_word' id='word_1_55' title='bbox 1606 767 1663 808; x_wconf 88' lang='lat' dir='ltr'><strong>ad</strong></span> <span class='ocrx_word' id='word_1_56' title='bbox 1699 781 1797 808; x_wconf 84' lang='lat' dir='ltr'><strong>cer-</strong></span> 
     </span>
     <span class='ocr_line' id='line_1_9' title="bbox 106 835 1795 890; baseline -0.001 -9"><span class='ocrx_word' id='word_1_57' title='bbox 106 844 199 882; x_wconf 84' lang='lat' dir='ltr'><strong>tam</strong></span> <span class='ocrx_word' id='word_1_58' title='bbox 222 838 440 881; x_wconf 88' lang='lat' dir='ltr'><strong>rationem</strong></span> <span class='ocrx_word' id='word_1_59' title='bbox 462 836 695 879; x_wconf 72' lang='lat' dir='ltr'><strong>adstrictae</strong></span> <span class='ocrx_word' id='word_1_60' title='bbox 717 840 866 888; x_wconf 87' lang='lat' dir='ltr'><strong>erant,</strong></span> <span class='ocrx_word' id='word_1_61' title='bbox 905 840 1085 878; x_wconf 80' lang='lat' dir='ltr'><strong>revocat</strong></span> <span class='ocrx_word' id='word_1_62' title='bbox 1112 836 1170 878; x_wconf 90' lang='lat' dir='ltr'><strong>ad</strong></span> <span class='ocrx_word' id='word_1_63' title='bbox 1189 835 1472 879; x_wconf 89' lang='lat' dir='ltr'><strong>dialecticum</strong></span> <span class='ocrx_word' id='word_1_64' title='bbox 1497 850 1704 890; x_wconf 78' lang='lat' dir='ltr'><strong>acumen,</strong></span> <span class='ocrx_word' id='word_1_65' title='bbox 1748 841 1795 881; x_wconf 80' lang='lat' dir='ltr'><strong>et</strong></span> 
     </span>
     <span class='ocr_line' id='line_1_10' title="bbox 106 905 1794 971; baseline -0.002 -18"><span class='ocrx_word' id='word_1_66' title='bbox 106 910 239 953; x_wconf 72' lang='lat' dir='ltr'><strong>solita</strong></span> <span class='ocrx_word' id='word_1_67' title='bbox 264 908 474 967; x_wconf 76' lang='grc' dir='ltr'><strong><em>εἰρωνείᾳ</em></strong></span> <span class='ocrx_word' id='word_1_68' title='bbox 495 907 679 949; x_wconf 87' lang='lat' dir='ltr'><strong>orditur.</strong></span> <span class='ocrx_word' id='word_1_69' title='bbox 735 905 901 958; x_wconf 79' lang='lat' dir='ltr'><strong>Video,</strong></span> <span class='ocrx_word' id='word_1_70' title='bbox 937 905 1023 957; x_wconf 79' lang='lat' dir='ltr'><strong>ait,</strong></span> <span class='ocrx_word' id='word_1_71' title='bbox 1063 907 1367 971; x_wconf 35' lang='lat' dir='ltr'><strong>quamlstulte</strong></span> <span class='ocrx_word' id='word_1_72' title='bbox 1391 907 1588 963; x_wconf 83' lang='lat' dir='ltr'><strong>egerim,</strong></span> <span class='ocrx_word' id='word_1_73' title='bbox 1631 923 1657 950; x_wconf 93' lang='lat' dir='ltr'><strong>o</strong></span> <span class='ocrx_word' id='word_1_74' title='bbox 1690 908 1794 961; x_wconf 82' lang='lat' dir='ltr'><strong>viri,</strong></span> 
     </span>
     <span class='ocr_line' id='line_1_11' title="bbox 105 974 1791 1036; baseline -0.001 -14"><span class='ocrx_word' id='word_1_75' title='bbox 105 994 243 1036; x_wconf 90' lang='lat' dir='ltr'><strong>quum</strong></span> <span class='ocrx_word' id='word_1_76' title='bbox 263 979 495 1035; x_wconf 85' lang='lat' dir='ltr'><strong>profiterer</strong></span> <span class='ocrx_word' id='word_1_77' title='bbox 513 991 586 1019; x_wconf 91' lang='lat' dir='ltr'><strong>me</strong></span> <span class='ocrx_word' id='word_1_78' title='bbox 618 974 792 1031; x_wconf 88' lang='lat' dir='ltr'><strong>quoque</strong></span> <span class='ocrx_word' id='word_1_79' title='bbox 811 976 928 1019; x_wconf 88' lang='lat' dir='ltr'><strong>inter</strong></span> <span class='ocrx_word' id='word_1_80' title='bbox 954 990 1034 1018; x_wconf 81' lang='lat' dir='ltr'><strong>vos</strong></span> <span class='ocrx_word' id='word_1_81' title='bbox 1060 977 1213 1020; x_wconf 86' lang='lat' dir='ltr'><strong>laudes</strong></span> <span class='ocrx_word' id='word_1_82' title='bbox 1237 977 1412 1020; x_wconf 85' lang='lat' dir='ltr'><strong>Amoris</strong></span> <span class='ocrx_word' id='word_1_83' title='bbox 1446 979 1791 1024; x_wconf 87' lang='lat' dir='ltr'><strong>celebraturum.</strong></span> 
     </span>
     <span class='ocr_line' id='line_1_12' title="bbox 103 1046 1792 1106; baseline -0.001 -12"><span class='ocrx_word' id='word_1_84' title='bbox 103 1051 218 1095; x_wconf 87' lang='lat' dir='ltr'><strong>Nam</strong></span> <span class='ocrx_word' id='word_1_85' title='bbox 246 1054 291 1093; x_wconf 86' lang='lat' dir='ltr'><strong>et</strong></span> <span class='ocrx_word' id='word_1_86' title='bbox 319 1049 566 1106; x_wconf 84' lang='lat' dir='ltr'><strong>Agathonis</strong></span> <span class='ocrx_word' id='word_1_87' title='bbox 593 1046 976 1103; x_wconf 76' lang='lat' dir='ltr'><strong>magniloquentia</strong></span> <span class='ocrx_word' id='word_1_88' title='bbox 992 1047 1055 1090; x_wconf 83' lang='lat' dir='ltr'><strong>ita</strong></span> <span class='ocrx_word' id='word_1_89' title='bbox 1081 1049 1212 1090; x_wconf 88' lang='lat' dir='ltr'><strong>modo</strong></span> <span class='ocrx_word' id='word_1_90' title='bbox 1232 1048 1463 1104; x_wconf 82' lang='lat' dir='ltr'><strong>perculsus</strong></span> <span class='ocrx_word' id='word_1_91' title='bbox 1491 1064 1616 1102; x_wconf 87' lang='lat' dir='ltr'><strong>sum,</strong></span> <span class='ocrx_word' id='word_1_92' title='bbox 1647 1055 1724 1102; x_wconf 90' lang='lat' dir='ltr'><strong>ut,</strong></span> <span class='ocrx_word' id='word_1_93' title='bbox 1750 1049 1792 1092; x_wconf 79' lang='lat' dir='ltr'><strong>si</strong></span> 
     </span>
     <span class='ocr_line' id='line_1_13' title="bbox 102 1118 1794 1178; baseline -0.001 -14"><span class='ocrx_word' id='word_1_94' title='bbox 102 1121 202 1165; x_wconf 80' lang='lat' dir='ltr'><strong>fieri</strong></span> <span class='ocrx_word' id='word_1_95' title='bbox 222 1121 461 1178; x_wconf 84' lang='lat' dir='ltr'><strong>potuisset,</strong></span> <span class='ocrx_word' id='word_1_96' title='bbox 490 1119 785 1176; x_wconf 73' lang='lat' dir='ltr'><strong>aufugissem,</strong></span> <span class='ocrx_word' id='word_1_97' title='bbox 817 1118 932 1174; x_wconf 86' lang='lat' dir='ltr'><strong>quod</strong></span> <span class='ocrx_word' id='word_1_98' title='bbox 949 1124 1046 1174; x_wconf 81' lang='lat' dir='ltr'><strong>post</strong></span> <span class='ocrx_word' id='word_1_99' title='bbox 1063 1133 1165 1161; x_wconf 88' lang='lat' dir='ltr'><strong>eum</strong></span> <span class='ocrx_word' id='word_1_100' title='bbox 1185 1119 1302 1168; x_wconf 86' lang='lat' dir='ltr'><strong>nihil</strong></span> <span class='ocrx_word' id='word_1_101' title='bbox 1324 1119 1510 1175; x_wconf 85' lang='lat' dir='ltr'><strong>dignum</strong></span> <span class='ocrx_word' id='word_1_102' title='bbox 1530 1121 1686 1162; x_wconf 83' lang='lat' dir='ltr'><strong>vestris</strong></span> <span class='ocrx_word' id='word_1_103' title='bbox 1710 1134 1794 1162; x_wconf 81' lang='lat' dir='ltr'><strong>au·-</strong></span> 
     </span>
     <span class='ocr_line' id='line_1_14' title="bbox 102 1180 1792 1246; baseline -0.001 -11"><span class='ocrx_word' id='word_1_104' title='bbox 102 1180 227 1235; x_wconf 79' lang='lat' dir='ltr'><strong>ribus</strong></span> <span class='ocrx_word' id='word_1_105' title='bbox 255 1193 498 1235; x_wconf 87' lang='lat' dir='ltr'><strong>allaturum</strong></span> <span class='ocrx_word' id='word_1_106' title='bbox 524 1205 597 1233; x_wconf 90' lang='lat' dir='ltr'><strong>me</strong></span> <span class='ocrx_word' id='word_1_107' title='bbox 625 1203 872 1246; x_wconf 82' lang='lat' dir='ltr'><strong>sperarem3</strong></span> <span class='ocrx_word' id='word_1_108' title='bbox 911 1196 954 1232; x_wconf 87' lang='lat' dir='ltr'><strong>et</strong></span> <span class='ocrx_word' id='word_1_109' title='bbox 984 1204 1036 1231; x_wconf 84' lang='lat' dir='ltr'><strong>ex</strong></span> <span class='ocrx_word' id='word_1_110' title='bbox 1067 1190 1258 1233; x_wconf 87' lang='lat' dir='ltr'><strong>aliorum</strong></span> <span class='ocrx_word' id='word_1_111' title='bbox 1287 1189 1562 1232; x_wconf 85' lang='lat' dir='ltr'><strong>orationibus</strong></span> <span class='ocrx_word' id='word_1_112' title='bbox 1589 1189 1792 1234; x_wconf 78' lang='lat' dir='ltr'><strong>intellexi</strong></span> 
     </span>
     <span class='ocr_line' id='line_1_15' title="bbox 105 1260 1790 1317; baseline 0 -12"><span class='ocrx_word' id='word_1_113' title='bbox 105 1260 179 1305; x_wconf 89' lang='lat' dir='ltr'><strong>me</strong></span> <span class='ocrx_word' id='word_1_114' title='bbox 198 1263 343 1316; x_wconf 39' lang='lat' dir='ltr'><strong>‚totius</strong></span> <span class='ocrx_word' id='word_1_115' title='bbox 368 1262 554 1305; x_wconf 85' lang='lat' dir='ltr'><strong>rationis</strong></span> <span class='ocrx_word' id='word_1_116' title='bbox 588 1260 796 1304; x_wconf 87' lang='lat' dir='ltr'><strong>laudandi</strong></span> <span class='ocrx_word' id='word_1_117' title='bbox 827 1276 921 1303; x_wconf 88' lang='lat' dir='ltr'><strong>esse</strong></span> <span class='ocrx_word' id='word_1_118' title='bbox 956 1260 1179 1317; x_wconf 80' lang='lat' dir='ltr'><strong>ignarum.</strong></span> <span class='ocrx_word' id='word_1_119' title='bbox 1244 1262 1472 1304; x_wconf 83' lang='lat' dir='ltr'><strong>Hactenus</strong></span> <span class='ocrx_word' id='word_1_120' title='bbox 1502 1262 1622 1304; x_wconf 91' lang='lat' dir='ltr'><strong>enim</strong></span> <span class='ocrx_word' id='word_1_121' title='bbox 1651 1262 1698 1304; x_wconf 89' lang='lat' dir='ltr'><strong>in</strong></span> <span class='ocrx_word' id='word_1_122' title='bbox 1734 1276 1790 1305; x_wconf 89' lang='lat' dir='ltr'><strong>eo</strong></span> 
     </span>
     <span class='ocr_line' id='line_1_16' title="bbox 104 1332 1791 1387; baseline -0.001 -11"><span class='ocrx_word' id='word_1_123' title='bbox 104 1339 303 1377; x_wconf 78' lang='lat' dir='ltr'><strong>versatus</strong></span> <span class='ocrx_word' id='word_1_124' title='bbox 333 1348 431 1375; x_wconf 85' lang='lat' dir='ltr'><strong>sum</strong></span> <span class='ocrx_word' id='word_1_125' title='bbox 461 1347 634 1385; x_wconf 89' lang='lat' dir='ltr'><strong>errore,</strong></span> <span class='ocrx_word' id='word_1_126' title='bbox 674 1337 724 1374; x_wconf 89' lang='lat' dir='ltr'><strong>ut</strong></span> <span class='ocrx_word' id='word_1_127' title='bbox 747 1332 950 1387; x_wconf 72' lang='lat' dir='ltr'><strong>putarem</strong></span> <span class='ocrx_word' id='word_1_128' title='bbox 975 1333 1252 1375; x_wconf 79' lang='lat' dir='ltr'><strong>laudatorem</strong></span> <span class='ocrx_word' id='word_1_129' title='bbox 1284 1345 1390 1375; x_wconf 85' lang='lat' dir='ltr'><strong>vera</strong></span> <span class='ocrx_word' id='word_1_130' title='bbox 1420 1337 1590 1375; x_wconf 89' lang='lat' dir='ltr'><strong>tantum</strong></span> <span class='ocrx_word' id='word_1_131' title='bbox 1627 1333 1791 1375; x_wconf 85' lang='lat' dir='ltr'><strong>debere</strong></span> 
     </span>
     <span class='ocr_line' id='line_1_17' title="bbox 102 1403 1791 1460; baseline -0.001 -13"><span class='ocrx_word' id='word_1_132' title='bbox 102 1419 358 1460; x_wconf 81' lang='lat' dir='ltr'><strong>expromere</strong></span> <span class='ocrx_word' id='word_1_133' title='bbox 386 1419 439 1446; x_wconf 86' lang='lat' dir='ltr'><strong>ex</strong></span> <span class='ocrx_word' id='word_1_134' title='bbox 479 1404 622 1459; x_wconf 86' lang='lat' dir='ltr'><strong>iisque</strong></span> <span class='ocrx_word' id='word_1_135' title='bbox 646 1404 916 1459; x_wconf 84' lang='lat' dir='ltr'><strong>pulcerrima</strong></span> <span class='ocrx_word' id='word_1_136' title='bbox 952 1403 1120 1459; x_wconf 73' lang='lat' dir='ltr'><strong>elige-re</strong></span> <span class='ocrx_word' id='word_1_137' title='bbox 1138 1404 1453 1459; x_wconf 79' lang='lat' dir='ltr'><strong>eleganterque</strong></span> <span class='ocrx_word' id='word_1_138' title='bbox 1481 1404 1791 1459; x_wconf 69' lang='lat' dir='ltr'><strong>pronuntiaret</strong></span> 
     </span>
     <span class='ocr_line' id='line_1_18' title="bbox 104 1474 1790 1531; baseline 0 -13"><span class='ocrx_word' id='word_1_139' title='bbox 104 1490 221 1518; x_wconf 88' lang='lat' dir='ltr'><strong>nunc</strong></span> <span class='ocrx_word' id='word_1_140' title='bbox 239 1490 341 1518; x_wconf 87' lang='lat' dir='ltr'><strong>vero</strong></span> <span class='ocrx_word' id='word_1_141' title='bbox 365 1475 555 1531; x_wconf 81' lang='lat' dir='ltr'><strong>cognovi</strong></span> <span class='ocrx_word' id='word_1_142' title='bbox 578 1475 798 1517; x_wconf 85' lang='lat' dir='ltr'><strong>laudando</strong></span> <span class='ocrx_word' id='word_1_143' title='bbox 822 1489 998 1516; x_wconf 88' lang='lat' dir='ltr'><strong>omnem</strong></span> <span class='ocrx_word' id='word_1_144' title='bbox 1024 1476 1140 1517; x_wconf 90' lang='lat' dir='ltr'><strong>bene</strong></span> <span class='ocrx_word' id='word_1_145' title='bbox 1163 1474 1358 1529; x_wconf 85' lang='lat' dir='ltr'><strong>dicendi,</strong></span> <span class='ocrx_word' id='word_1_146' title='bbox 1395 1474 1595 1517; x_wconf 83' lang='lat' dir='ltr'><strong>veritatis</strong></span> <span class='ocrx_word' id='word_1_147' title='bbox 1619 1476 1790 1518; x_wconf 90' lang='lat' dir='ltr'><strong>nullam</strong></span> 
     </span>
     <span class='ocr_line' id='line_1_19' title="bbox 99 1545 1791 1590; baseline -0.001 -1"><span class='ocrx_word' id='word_1_148' title='bbox 99 1547 352 1590; x_wconf 86' lang='lat' dir='ltr'><strong>habendam</strong></span> <span class='ocrx_word' id='word_1_149' title='bbox 371 1561 466 1590; x_wconf 81' lang='lat' dir='ltr'><strong>esse</strong></span> <span class='ocrx_word' id='word_1_150' title='bbox 485 1546 715 1588; x_wconf 87' lang='lat' dir='ltr'><strong>rationem.</strong></span> <span class='ocrx_word' id='word_1_151' title='bbox 775 1545 861 1587; x_wconf 90' lang='lat' dir='ltr'><strong>Sed</strong></span> <span class='ocrx_word' id='word_1_152' title='bbox 885 1546 923 1587; x_wconf 87' lang='lat' dir='ltr'><strong>si</strong></span> <span class='ocrx_word' id='word_1_153' title='bbox 944 1559 1016 1587; x_wconf 90' lang='lat' dir='ltr'><strong>me</strong></span> <span class='ocrx_word' id='word_1_154' title='bbox 1039 1545 1174 1588; x_wconf 79' lang='lat' dir='ltr'><strong>vultis</strong></span> <span class='ocrx_word' id='word_1_155' title='bbox 1198 1560 1300 1588; x_wconf 88' lang='lat' dir='ltr'><strong>meo</strong></span> <span class='ocrx_word' id='word_1_156' title='bbox 1324 1560 1450 1588; x_wconf 89' lang='lat' dir='ltr'><strong>more</strong></span> <span class='ocrx_word' id='word_1_157' title='bbox 1472 1545 1691 1589; x_wconf 86' lang='lat' dir='ltr'><strong>dicentem</strong></span> <span class='ocrx_word' id='word_1_158' title='bbox 1709 1560 1791 1588; x_wconf 87' lang='lat' dir='ltr'><strong>au-</strong></span> 
     </span>
     <span class='ocr_line' id='line_1_20' title="bbox 103 1616 1791 1673; baseline -0.001 -13"><span class='ocrx_word' id='word_1_159' title='bbox 103 1619 227 1670; x_wconf 90' lang='lat' dir='ltr'><strong>dire,</strong></span> <span class='ocrx_word' id='word_1_160' title='bbox 257 1618 407 1660; x_wconf 83' lang='lat' dir='ltr'><strong>dicam</strong></span> <span class='ocrx_word' id='word_1_161' title='bbox 429 1623 479 1660; x_wconf 88' lang='lat' dir='ltr'><strong>ut</strong></span> <span class='ocrx_word' id='word_1_162' title='bbox 501 1622 674 1673; x_wconf 71' lang='lat' dir='ltr'><strong>potero.</strong></span> <span class='ocrx_word' id='word_1_163' title='bbox 728 1617 829 1658; x_wconf 87' lang='lat' dir='ltr'><strong>Hoc</strong></span> <span class='ocrx_word' id='word_1_164' title='bbox 855 1630 962 1658; x_wconf 78' lang='lat' dir='ltr'><strong>vero</strong></span> <span class='ocrx_word' id='word_1_165' title='bbox 994 1630 1022 1659; x_wconf 88' lang='lat' dir='ltr'><strong>a</strong></span> <span class='ocrx_word' id='word_1_166' title='bbox 1051 1621 1119 1669; x_wconf 88' lang='lat' dir='ltr'><strong>te,</strong></span> <span class='ocrx_word' id='word_1_167' title='bbox 1155 1617 1383 1669; x_wconf 88' lang='lat' dir='ltr'><strong>Phaedre,</strong></span> <span class='ocrx_word' id='word_1_168' title='bbox 1423 1616 1501 1672; x_wconf 89' lang='lat' dir='ltr'><strong>qui</strong></span> <span class='ocrx_word' id='word_1_169' title='bbox 1533 1616 1668 1658; x_wconf 87' lang='lat' dir='ltr'><strong>huius</strong></span> <span class='ocrx_word' id='word_1_170' title='bbox 1697 1631 1791 1659; x_wconf 85' lang='lat' dir='ltr'><strong>ser-</strong></span> 
     </span>
     <span class='ocr_line' id='line_1_21' title="bbox 103 1687 1790 1744; baseline -0.002 -12"><span class='ocrx_word' id='word_1_171' title='bbox 103 1689 247 1732; x_wconf 84' lang='lat' dir='ltr'><strong>monis</strong></span> <span class='ocrx_word' id='word_1_172' title='bbox 269 1694 423 1731; x_wconf 84' lang='lat' dir='ltr'><strong>auctor</strong></span> <span class='ocrx_word' id='word_1_173' title='bbox 441 1703 487 1731; x_wconf 89' lang='lat' dir='ltr'><strong>es</strong></span> <span class='ocrx_word' id='word_1_174' title='bbox 509 1693 552 1730; x_wconf 90' lang='lat' dir='ltr'><strong>et</strong></span> <span class='ocrx_word' id='word_1_175' title='bbox 565 1701 753 1744; x_wconf 75' lang='lat' dir='ltr'><strong>praeses,</strong></span> <span class='ocrx_word' id='word_1_176' title='bbox 781 1692 897 1744; x_wconf 86' lang='lat' dir='ltr'><strong>peto,</strong></span> <span class='ocrx_word' id='word_1_177' title='bbox 926 1691 976 1730; x_wconf 91' lang='lat' dir='ltr'><strong>ut</strong></span> <span class='ocrx_word' id='word_1_178' title='bbox 1000 1687 1115 1729; x_wconf 85' lang='lat' dir='ltr'><strong>mihi</strong></span> <span class='ocrx_word' id='word_1_179' title='bbox 1132 1688 1414 1744; x_wconf 82' lang='lat' dir='ltr'><strong>Agathonem</strong></span> <span class='ocrx_word' id='word_1_180' title='bbox 1435 1687 1633 1730; x_wconf 85' lang='lat' dir='ltr'><strong>breviter</strong></span> <span class='ocrx_word' id='word_1_181' title='bbox 1653 1702 1790 1743; x_wconf 87' lang='lat' dir='ltr'><strong>quae-</strong></span> 
     </span>
     <span class='ocr_line' id='line_1_22' title="bbox 100 1757 1791 1816; baseline -0.001 -14"><span class='ocrx_word' id='word_1_182' title='bbox 100 1760 203 1802; x_wconf 85' lang='lat' dir='ltr'><strong>dam</strong></span> <span class='ocrx_word' id='word_1_183' title='bbox 223 1759 498 1816; x_wconf 86' lang='lat' dir='ltr'><strong>interrogare</strong></span> <span class='ocrx_word' id='word_1_184' title='bbox 520 1759 678 1810; x_wconf 82' lang='lat' dir='ltr'><strong>liceat3</strong></span> <span class='ocrx_word' id='word_1_185' title='bbox 707 1763 780 1811; x_wconf 88' lang='lat' dir='ltr'><strong>ut,</strong></span> <span class='ocrx_word' id='word_1_186' title='bbox 809 1772 946 1813; x_wconf 92' lang='lat' dir='ltr'><strong>quum</strong></span> <span class='ocrx_word' id='word_1_187' title='bbox 965 1758 1020 1799; x_wconf 86' lang='lat' dir='ltr'><strong>de</strong></span> <span class='ocrx_word' id='word_1_188' title='bbox 1038 1757 1266 1814; x_wconf 85' lang='lat' dir='ltr'><strong>principiis</strong></span> <span class='ocrx_word' id='word_1_189' title='bbox 1284 1758 1400 1801; x_wconf 87' lang='lat' dir='ltr'><strong>inter</strong></span> <span class='ocrx_word' id='word_1_190' title='bbox 1421 1773 1501 1801; x_wconf 87' lang='lat' dir='ltr'><strong>nos</strong></span> <span class='ocrx_word' id='word_1_191' title='bbox 1521 1759 1791 1813; x_wconf 79' lang='lat' dir='ltr'><strong>convenerit,</strong></span> 
     </span>
     <span class='ocr_line' id='line_1_23' title="bbox 99 1828 1787 1885; baseline -0.001 -11"><span class='ocrx_word' id='word_1_192' title='bbox 99 1836 239 1874; x_wconf 89' lang='lat' dir='ltr'><strong>totam</strong></span> <span class='ocrx_word' id='word_1_193' title='bbox 273 1830 374 1872; x_wconf 89' lang='lat' dir='ltr'><strong>inde</strong></span> <span class='ocrx_word' id='word_1_194' title='bbox 409 1845 556 1873; x_wconf 86' lang='lat' dir='ltr'><strong>meam</strong></span> <span class='ocrx_word' id='word_1_195' title='bbox 582 1829 926 1885; x_wconf 85' lang='lat' dir='ltr'><strong>disputationem</strong></span> <span class='ocrx_word' id='word_1_196' title='bbox 966 1829 1137 1873; x_wconf 88' lang='lat' dir='ltr'><strong>ducam.</strong></span> <span class='ocrx_word' id='word_1_197' title='bbox 1205 1829 1307 1871; x_wconf 86' lang='lat' dir='ltr'><strong>Tuo</strong></span> <span class='ocrx_word' id='word_1_198' title='bbox 1340 1828 1519 1883; x_wconf 89' lang='lat' dir='ltr'><strong>quidem</strong></span> <span class='ocrx_word' id='word_1_199' title='bbox 1553 1831 1787 1884; x_wconf 88' lang='lat' dir='ltr'><strong>arbitratu,</strong></span> 
     </span>
     <span class='ocr_line' id='line_1_24' title="bbox 102 1899 1787 1956; baseline 0 -11"><span class='ocrx_word' id='word_1_200' title='bbox 102 1916 129 1945; x_wconf 95' lang='lat' dir='ltr'><strong>o</strong></span> <span class='ocrx_word' id='word_1_201' title='bbox 152 1902 376 1953; x_wconf 82' lang='lat' dir='ltr'><strong>Socrates,</strong></span> <span class='ocrx_word' id='word_1_202' title='bbox 425 1900 571 1956; x_wconf 86' lang='lat' dir='ltr'><strong>inquit</strong></span> <span class='ocrx_word' id='word_1_203' title='bbox 606 1901 849 1944; x_wconf 86' lang='lat' dir='ltr'><strong>Phaedrus.</strong></span> <span class='ocrx_word' id='word_1_204' title='bbox 926 1899 1081 1955; x_wconf 89' lang='lat' dir='ltr'><strong>Atqui,</strong></span> <span class='ocrx_word' id='word_1_205' title='bbox 1134 1899 1200 1942; x_wconf 89' lang='lat' dir='ltr'><strong>mi</strong></span> <span class='ocrx_word' id='word_1_206' title='bbox 1240 1900 1443 1956; x_wconf 85' lang='lat' dir='ltr'><strong>Agatho,</strong></span> <span class='ocrx_word' id='word_1_207' title='bbox 1497 1916 1633 1956; x_wconf 86' lang='lat' dir='ltr'><strong>quum</strong></span> <span class='ocrx_word' id='word_1_208' title='bbox 1672 1904 1787 1945; x_wconf 84' lang='lat' dir='ltr'><strong>bene</strong></span> 
     </span>
     <span class='ocr_line' id='line_1_25' title="bbox 102 1971 1788 2029; baseline -0.001 -13"><span class='ocrx_word' id='word_1_209' title='bbox 102 1972 358 2029; x_wconf 87' lang='lat' dir='ltr'><strong>dispertiisti</strong></span> <span class='ocrx_word' id='word_1_210' title='bbox 383 1971 627 2013; x_wconf 84' lang='lat' dir='ltr'><strong>orationem</strong></span> <span class='ocrx_word' id='word_1_211' title='bbox 650 1976 771 2013; x_wconf 90' lang='lat' dir='ltr'><strong>tuam</strong></span> <span class='ocrx_word' id='word_1_212' title='bbox 790 1971 998 2014; x_wconf 77' lang='lat' dir='ltr'><strong>bifariam</strong></span> <span class='ocrx_word' id='word_1_213' title='bbox 1013 2003 1026 2023; x_wconf 91' lang='lat'><strong>,</strong></span> <span class='ocrx_word' id='word_1_214' title='bbox 1064 1974 1115 2012; x_wconf 90' lang='lat' dir='ltr'><strong>ut</strong></span> <span class='ocrx_word' id='word_1_215' title='bbox 1140 1971 1337 2026; x_wconf 86' lang='lat' dir='ltr'><strong>primum</strong></span> <span class='ocrx_word' id='word_1_216' title='bbox 1359 1971 1542 2024; x_wconf 86' lang='lat' dir='ltr'><strong>diceres,</strong></span> <span class='ocrx_word' id='word_1_217' title='bbox 1569 1972 1712 2028; x_wconf 89' lang='lat' dir='ltr'><strong>qualis</strong></span> <span class='ocrx_word' id='word_1_218' title='bbox 1729 1973 1788 2015; x_wconf 88' lang='lat' dir='ltr'><strong>sit</strong></span> 
     </span>
     <span class='ocr_line' id='line_1_26' title="bbox 99 2038 1789 2100; baseline -0.001 -13"><span class='ocrx_word' id='word_1_219' title='bbox 99 2044 194 2100; x_wconf 85' lang='lat' dir='ltr'><strong>ipse</strong></span> <span class='ocrx_word' id='word_1_220' title='bbox 215 2045 374 2099; x_wconf 82' lang='lat' dir='ltr'><strong>Amor,</strong></span> <span class='ocrx_word' id='word_1_221' title='bbox 404 2042 560 2083; x_wconf 88' lang='lat' dir='ltr'><strong>deinde</strong></span> <span class='ocrx_word' id='word_1_222' title='bbox 580 2042 731 2096; x_wconf 86' lang='lat' dir='ltr'><strong>qualia</strong></span> <span class='ocrx_word' id='word_1_223' title='bbox 756 2042 851 2085; x_wconf 90' lang='lat' dir='ltr'><strong>eius</strong></span> <span class='ocrx_word' id='word_1_224' title='bbox 875 2042 962 2084; x_wconf 89' lang='lat' dir='ltr'><strong>sint</strong></span> <span class='ocrx_word' id='word_1_225' title='bbox 984 2055 1145 2097; x_wconf 85' lang='lat' dir='ltr'><strong>opera,</strong></span> <span class='ocrx_word' id='word_1_226' title='bbox 1183 2046 1277 2083; x_wconf 91' lang='lat' dir='ltr'><strong>tum</strong></span> <span class='ocrx_word' id='word_1_227' title='bbox 1301 2055 1402 2084; x_wconf 86' lang='lat' dir='ltr'><strong>eam</strong></span> <span class='ocrx_word' id='word_1_228' title='bbox 1432 2038 1580 2085; x_wconf 81' lang='lat' dir='ltr'><strong>verbis</strong></span> <span class='ocrx_word' id='word_1_229' title='bbox 1607 2057 1660 2084; x_wconf 87' lang='lat' dir='ltr'><strong>ac</strong></span> <span class='ocrx_word' id='word_1_230' title='bbox 1689 2059 1789 2086; x_wconf 87' lang='lat' dir='ltr'><strong>seu-</strong></span> 
     </span>
     <span class='ocr_line' id='line_1_27' title="bbox 100 2112 1789 2169; baseline -0.001 -11"><span class='ocrx_word' id='word_1_231' title='bbox 100 2114 250 2158; x_wconf 88' lang='lat' dir='ltr'><strong>tentiis</strong></span> <span class='ocrx_word' id='word_1_232' title='bbox 270 2112 507 2169; x_wconf 86' lang='lat' dir='ltr'><strong>magnifice</strong></span> <span class='ocrx_word' id='word_1_233' title='bbox 533 2112 765 2155; x_wconf 83' lang='lat' dir='ltr'><strong>exornasti.</strong></span> <span class='ocrx_word' id='word_1_234' title='bbox 825 2114 900 2155; x_wconf 92' lang='lat' dir='ltr'><strong>Tu</strong></span> <span class='ocrx_word' id='word_1_235' title='bbox 919 2112 1059 2169; x_wconf 85' lang='lat' dir='ltr'><strong>igitur</strong></span> <span class='ocrx_word' id='word_1_236' title='bbox 1079 2112 1167 2154; x_wconf 89' lang='lat' dir='ltr'><strong>hoc</strong></span> <span class='ocrx_word' id='word_1_237' title='bbox 1190 2112 1305 2155; x_wconf 87' lang='lat' dir='ltr'><strong>mihi</strong></span> <span class='ocrx_word' id='word_1_238' title='bbox 1330 2112 1449 2155; x_wconf 88' lang='lat' dir='ltr'><strong>dicas</strong></span> <span class='ocrx_word' id='word_1_239' title='bbox 1465 2145 1478 2165; x_wconf 84' lang='lat'>‚</span> <span class='ocrx_word' id='word_1_240' title='bbox 1515 2114 1654 2156; x_wconf 91' lang='lat' dir='ltr'><strong>Amor</strong></span> <span class='ocrx_word' id='word_1_241' title='bbox 1675 2114 1789 2157; x_wconf 87' lang='lat' dir='ltr'><strong>sitne</strong></span> 
     </span>
     <span class='ocr_line' id='line_1_28' title="bbox 101 2183 1789 2238; baseline 0.001 -10"><span class='ocrx_word' id='word_1_242' title='bbox 101 2185 290 2229; x_wconf 82' lang='lat' dir='ltr'><strong>alicuius</strong></span> <span class='ocrx_word' id='word_1_243' title='bbox 323 2184 420 2236; x_wconf 86' lang='lat' dir='ltr'><strong>rei,</strong></span> <span class='ocrx_word' id='word_1_244' title='bbox 460 2198 515 2226; x_wconf 90' lang='lat' dir='ltr'><strong>an</strong></span> <span class='ocrx_word' id='word_1_245' title='bbox 552 2183 733 2225; x_wconf 86' lang='lat' dir='ltr'><strong>nullius.</strong></span> <span class='ocrx_word' id='word_1_246' title='bbox 790 2185 891 2226; x_wconf 86' lang='lat' dir='ltr'><strong>Hoc</strong></span> <span class='ocrx_word' id='word_1_247' title='bbox 919 2188 1068 2226; x_wconf 90' lang='lat' dir='ltr'><strong>autem</strong></span> <span class='ocrx_word' id='word_1_248' title='bbox 1095 2183 1222 2226; x_wconf 77' lang='lat' dir='ltr'><strong>volo:</strong></span> <span class='ocrx_word' id='word_1_249' title='bbox 1263 2198 1399 2238; x_wconf 89' lang='lat' dir='ltr'><strong>quum</strong></span> <span class='ocrx_word' id='word_1_250' title='bbox 1434 2198 1584 2226; x_wconf 74' lang='lat' dir='ltr'><strong>omnes</strong></span> <span class='ocrx_word' id='word_1_251' title='bbox 1613 2198 1685 2227; x_wconf 85' lang='lat' dir='ltr'><strong>res</strong></span> <span class='ocrx_word' id='word_1_252' title='bbox 1715 2185 1789 2229; x_wconf 82' lang='lat' dir='ltr'><strong>vel</strong></span> 
     </span>
     <span class='ocr_line' id='line_1_29' title="bbox 103 2253 1788 2313; baseline -0.001 -15"><span class='ocrx_word' id='word_1_253' title='bbox 103 2271 182 2313; x_wconf 87' lang='lat' dir='ltr'><strong>per</strong></span> <span class='ocrx_word' id='word_1_254' title='bbox 201 2270 247 2298; x_wconf 88' lang='lat' dir='ltr'><strong>se</strong></span> <span class='ocrx_word' id='word_1_255' title='bbox 277 2255 398 2311; x_wconf 86' lang='lat' dir='ltr'><strong>ipsae</strong></span> <span class='ocrx_word' id='word_1_256' title='bbox 425 2253 758 2310; x_wconf 80' lang='lat' dir='ltr'><strong>intelligantur,</strong></span> <span class='ocrx_word' id='word_1_257' title='bbox 792 2254 865 2296; x_wconf 77' lang='lat' dir='ltr'><strong>vel</strong></span> <span class='ocrx_word' id='word_1_258' title='bbox 887 2254 942 2296; x_wconf 90' lang='lat' dir='ltr'><strong>ad</strong></span> <span class='ocrx_word' id='word_1_259' title='bbox 966 2254 1076 2296; x_wconf 80' lang='lat' dir='ltr'><strong>alias</strong></span> <span class='ocrx_word' id='word_1_260' title='bbox 1095 2255 1344 2296; x_wconf 75' lang='lat' dir='ltr'><strong>referantur</strong></span> <span class='ocrx_word' id='word_1_261' title='bbox 1359 2286 1372 2307; x_wconf 86' lang='lat'><strong>,</strong></span> <span class='ocrx_word' id='word_1_262' title='bbox 1410 2268 1463 2296; x_wconf 88' lang='lat' dir='ltr'><strong>ex</strong></span> <span class='ocrx_word' id='word_1_263' title='bbox 1482 2266 1672 2309; x_wconf 85' lang='lat' dir='ltr'><strong>quarum</strong></span> <span class='ocrx_word' id='word_1_264' title='bbox 1706 2270 1788 2312; x_wconf 82' lang='lat' dir='ltr'><strong>ge-</strong></span> 
     </span>
     <span class='ocr_line' id='line_1_30' title="bbox 103 2324 1789 2380; baseline 0.001 -11"><span class='ocrx_word' id='word_1_265' title='bbox 103 2341 209 2370; x_wconf 89' lang='lat' dir='ltr'><strong>nere</strong></span> <span class='ocrx_word' id='word_1_266' title='bbox 233 2326 289 2368; x_wconf 79' lang='lat' dir='ltr'><strong>sit</strong></span> <span class='ocrx_word' id='word_1_267' title='bbox 312 2326 447 2368; x_wconf 83' lang='lat' dir='ltr'><strong>Amor</strong></span> <span class='ocrx_word' id='word_1_268' title='bbox 460 2324 485 2366; x_wconf 68' lang='grc' dir='ltr'><strong>’ἒ</strong></span> <span class='ocrx_word' id='word_1_269' title='bbox 515 2330 564 2367; x_wconf 82' lang='grc' dir='ltr'><strong>ιιι</strong></span> <span class='ocrx_word' id='word_1_270' title='bbox 588 2330 758 2380; x_wconf 86' lang='lat' dir='ltr'><strong>patrem</strong></span> <span class='ocrx_word' id='word_1_271' title='bbox 779 2338 821 2367; x_wconf 80' lang='lat' dir='ltr'><strong>v.</strong></span> <span class='ocrx_word' id='word_1_272' title='bbox 841 2339 878 2367; x_wconf 89' lang='lat' dir='ltr'><strong>c.</strong></span> <span class='ocrx_word' id='word_1_273' title='bbox 900 2324 1087 2367; x_wconf 89' lang='lat' dir='ltr'><strong>dicimus</strong></span> <span class='ocrx_word' id='word_1_274' title='bbox 1104 2340 1200 2367; x_wconf 84' lang='lat' dir='ltr'><strong>esse</strong></span> <span class='ocrx_word' id='word_1_275' title='bbox 1221 2325 1306 2367; x_wconf 84' lang='lat' dir='ltr'><strong>filii</strong></span> <span class='ocrx_word' id='word_1_276' title='bbox 1325 2326 1399 2368; x_wconf 75' lang='lat' dir='ltr'><strong>vel</strong></span> <span class='ocrx_word' id='word_1_277' title='bbox 1419 2325 1562 2368; x_wconf 86' lang='lat' dir='ltr'><strong>filiae:</strong></span> <span class='ocrx_word' id='word_1_278' title='bbox 1593 2331 1636 2368; x_wconf 91' lang='lat' dir='ltr'><strong>et</strong></span> <span class='ocrx_word' id='word_1_279' title='bbox 1652 2327 1789 2370; x_wconf 77' lang='lat' dir='ltr'><strong>frater</strong></span> 
     </span>
     <span class='ocr_line' id='line_1_31' title="bbox 103 2395 1790 2451; baseline 0.001 -10"><span class='ocrx_word' id='word_1_280' title='bbox 103 2403 170 2441; x_wconf 85' lang='lat' dir='ltr'><strong>est</strong></span> <span class='ocrx_word' id='word_1_281' title='bbox 192 2399 249 2440; x_wconf 84' lang='lat' dir='ltr'><strong>ob</strong></span> <span class='ocrx_word' id='word_1_282' title='bbox 270 2411 368 2439; x_wconf 89' lang='lat' dir='ltr'><strong>eam</strong></span> <span class='ocrx_word' id='word_1_283' title='bbox 394 2410 571 2438; x_wconf 84' lang='lat' dir='ltr'><strong>causam</strong></span> <span class='ocrx_word' id='word_1_284' title='bbox 597 2397 756 2451; x_wconf 73' lang='lat' dir='ltr'><strong>frater,</strong></span> <span class='ocrx_word' id='word_1_285' title='bbox 787 2395 903 2450; x_wconf 89' lang='lat' dir='ltr'><strong>quod</strong></span> <span class='ocrx_word' id='word_1_286' title='bbox 938 2397 1121 2439; x_wconf 80' lang='lat' dir='ltr'><strong>fratrem</strong></span> <span class='ocrx_word' id='word_1_287' title='bbox 1149 2396 1221 2439; x_wconf 83' lang='lat' dir='ltr'><strong>vel</strong></span> <span class='ocrx_word' id='word_1_288' title='bbox 1256 2398 1454 2438; x_wconf 86' lang='lat' dir='ltr'><strong>sororem</strong></span> <span class='ocrx_word' id='word_1_289' title='bbox 1481 2396 1652 2440; x_wconf 67' lang='lat' dir='ltr'><strong>habet?</strong></span> <span class='ocrx_word' id='word_1_290' title='bbox 1708 2400 1790 2442; x_wconf 86' lang='lat' dir='ltr'><strong>Est</strong></span> 
     </span>
     <span class='ocr_line' id='line_1_32' title="bbox 106 2459 1797 2523; baseline 0.001 -11"><span class='ocrx_word' id='word_1_291' title='bbox 106 2470 243 2513; x_wconf 86' lang='lat' dir='ltr'><strong>Amor</strong></span> <span class='ocrx_word' id='word_1_292' title='bbox 271 2467 460 2510; x_wconf 84' lang='lat' dir='ltr'><strong>alicuius</strong></span> <span class='ocrx_word' id='word_1_293' title='bbox 491 2466 582 2519; x_wconf 88' lang='lat' dir='ltr'><strong>rei,</strong></span> <span class='ocrx_word' id='word_1_294' title='bbox 620 2482 646 2509; x_wconf 94' lang='lat' dir='ltr'><strong>o</strong></span> <span class='ocrx_word' id='word_1_295' title='bbox 669 2467 884 2509; x_wconf 75' lang='lat' dir='ltr'><strong>Socrates.</strong></span> <span class='ocrx_word' id='word_1_296' title='bbox 944 2469 1056 2510; x_wconf 78' lang='lat' dir='ltr'><strong>Eum</strong></span> <span class='ocrx_word' id='word_1_297' title='bbox 1083 2481 1188 2510; x_wconf 84' lang='lat' dir='ltr'><strong>vero</strong></span> <span class='ocrx_word' id='word_1_298' title='bbox 1235 2481 1331 2509; x_wconf 87' lang='lat' dir='ltr'><strong>rem</strong></span> <span class='ocrx_word' id='word_1_299' title='bbox 1353 2481 1410 2509; x_wconf 87' lang='lat' dir='ltr'><strong>an</strong></span> <span class='ocrx_word' id='word_1_300' title='bbox 1434 2468 1578 2523; x_wconf 88' lang='lat' dir='ltr'><strong>cupit,</strong></span> <span class='ocrx_word' id='word_1_301' title='bbox 1619 2459 1797 2513; x_wconf 54' lang='lat' dir='ltr'><strong>necne?</strong></span> 
     </span>
     <span class='ocr_line' id='line_1_33' title="bbox 104 2537 1788 2595; baseline 0.002 -15"><span class='ocrx_word' id='word_1_302' title='bbox 104 2539 249 2595; x_wconf 83' lang='lat' dir='ltr'><strong>Cupit.</strong></span> <span class='ocrx_word' id='word_1_303' title='bbox 307 2538 439 2593; x_wconf 80' lang='lat' dir='ltr'><strong>Quod</strong></span> <span class='ocrx_word' id='word_1_304' title='bbox 468 2551 572 2579; x_wconf 84' lang='lat' dir='ltr'><strong>vero</strong></span> <span class='ocrx_word' id='word_1_305' title='bbox 605 2538 832 2592; x_wconf 69' lang='lat' dir='ltr'><strong>cupimus,</strong></span> <span class='ocrx_word' id='word_1_306' title='bbox 868 2537 1038 2580; x_wconf 87' lang='lat' dir='ltr'><strong>illudne</strong></span> <span class='ocrx_word' id='word_1_307' title='bbox 1070 2539 1314 2590; x_wconf 82' lang='lat' dir='ltr'><strong>habemus,</strong></span> <span class='ocrx_word' id='word_1_308' title='bbox 1343 2552 1401 2581; x_wconf 86' lang='lat' dir='ltr'><strong>an</strong></span> <span class='ocrx_word' id='word_1_309' title='bbox 1424 2553 1513 2580; x_wconf 88' lang='lat' dir='ltr'><strong>non</strong></span> <span class='ocrx_word' id='word_1_310' title='bbox 1537 2539 1788 2583; x_wconf 62' lang='lat' dir='ltr'><strong>habemus?</strong></span> 
     </span>
     <span class='ocr_line' id='line_1_34' title="bbox 105 2608 1789 2665; baseline 0 -11"><span class='ocrx_word' id='word_1_311' title='bbox 105 2611 204 2654; x_wconf 77' lang='lat' dir='ltr'><strong>Non</strong></span> <span class='ocrx_word' id='word_1_312' title='bbox 225 2610 442 2652; x_wconf 84' lang='lat' dir='ltr'><strong>habemus</strong></span> <span class='ocrx_word' id='word_1_313' title='bbox 457 2641 470 2660; x_wconf 85' lang='lat'><strong>,</strong></span> <span class='ocrx_word' id='word_1_314' title='bbox 499 2613 549 2650; x_wconf 92' lang='lat' dir='ltr'><strong>ut</strong></span> <span class='ocrx_word' id='word_1_315' title='bbox 567 2608 754 2650; x_wconf 83' lang='lat' dir='ltr'><strong>videtur.</strong></span> <span class='ocrx_word' id='word_1_316' title='bbox 813 2609 882 2650; x_wconf 85' lang='lat' dir='ltr'><strong>Ita</strong></span> <span class='ocrx_word' id='word_1_317' title='bbox 900 2624 987 2651; x_wconf 87' lang='lat' dir='ltr'><strong>non</strong></span> <span class='ocrx_word' id='word_1_318' title='bbox 1008 2609 1149 2652; x_wconf 88' lang='lat' dir='ltr'><strong>videri</strong></span> <span class='ocrx_word' id='word_1_319' title='bbox 1167 2614 1362 2665; x_wconf 88' lang='lat' dir='ltr'><strong>tantum,</strong></span> <span class='ocrx_word' id='word_1_320' title='bbox 1394 2610 1471 2651; x_wconf 88' lang='lat' dir='ltr'><strong>sed</strong></span> <span class='ocrx_word' id='word_1_321' title='bbox 1493 2624 1589 2654; x_wconf 87' lang='lat' dir='ltr'><strong>esse</strong></span> <span class='ocrx_word' id='word_1_322' title='bbox 1612 2626 1789 2654; x_wconf 84' lang='lat' dir='ltr'><strong>necesse</strong></span> 
     </span>
     <span class='ocr_line' id='line_1_35' title="bbox 107 2678 1789 2736; baseline 0.002 -14"><span class='ocrx_word' id='word_1_323' title='bbox 107 2686 194 2722; x_wconf 60' lang='lat' dir='ltr'><strong>cst:</strong></span> <span class='ocrx_word' id='word_1_324' title='bbox 223 2693 328 2722; x_wconf 87' lang='lat' dir='ltr'><strong>nam</strong></span> <span class='ocrx_word' id='word_1_325' title='bbox 352 2679 468 2734; x_wconf 90' lang='lat' dir='ltr'><strong>quod</strong></span> <span class='ocrx_word' id='word_1_326' title='bbox 498 2679 595 2733; x_wconf 89' lang='lat' dir='ltr'><strong>quis</strong></span> <span class='ocrx_word' id='word_1_327' title='bbox 621 2678 835 2734; x_wconf 80' lang='lat' dir='ltr'><strong>possidet,</strong></span> <span class='ocrx_word' id='word_1_328' title='bbox 863 2679 973 2721; x_wconf 88' lang='lat' dir='ltr'><strong>illud</strong></span> <span class='ocrx_word' id='word_1_329' title='bbox 1000 2695 1086 2722; x_wconf 92' lang='lat' dir='ltr'><strong>non</strong></span> <span class='ocrx_word' id='word_1_330' title='bbox 1106 2680 1251 2736; x_wconf 83' lang='lat' dir='ltr'><strong>cupit3</strong></span> <span class='ocrx_word' id='word_1_331' title='bbox 1291 2685 1336 2723; x_wconf 84' lang='lat' dir='ltr'><strong>et</strong></span> <span class='ocrx_word' id='word_1_332' title='bbox 1358 2680 1396 2723; x_wconf 81' lang='lat' dir='ltr'><strong>si</strong></span> <span class='ocrx_word' id='word_1_333' title='bbox 1421 2694 1466 2722; x_wconf 83' lang='lat' dir='ltr'><strong>v.</strong></span> <span class='ocrx_word' id='word_1_334' title='bbox 1489 2695 1526 2723; x_wconf 90' lang='lat' dir='ltr'><strong>e.</strong></span> <span class='ocrx_word' id='word_1_335' title='bbox 1554 2682 1789 2725; x_wconf 83' lang='lat' dir='ltr'><strong>sanitatem</strong></span> 
     </span>
     <span class='ocr_line' id='line_1_36' title="bbox 105 2749 1792 2810; baseline 0.002 -17"><span class='ocrx_word' id='word_1_336' title='bbox 105 2750 302 2806; x_wconf 83' lang='lat' dir='ltr'><strong>corporis</strong></span> <span class='ocrx_word' id='word_1_337' title='bbox 322 2750 560 2805; x_wconf 82' lang='lat' dir='ltr'><strong>possideat,</strong></span> <span class='ocrx_word' id='word_1_338' title='bbox 600 2764 651 2792; x_wconf 91' lang='lat' dir='ltr'><strong>ea</strong></span> <span class='ocrx_word' id='word_1_339' title='bbox 670 2749 848 2804; x_wconf 87' lang='lat' dir='ltr'><strong>quidem</strong></span> <span class='ocrx_word' id='word_1_340' title='bbox 871 2755 920 2792; x_wconf 91' lang='lat' dir='ltr'><strong>ut</strong></span> <span class='ocrx_word' id='word_1_341' title='bbox 942 2751 987 2792; x_wconf 91' lang='lat' dir='ltr'><strong>in</strong></span> <span class='ocrx_word' id='word_1_342' title='bbox 1005 2756 1228 2806; x_wconf 84' lang='lat' dir='ltr'><strong>posterum</strong></span> <span class='ocrx_word' id='word_1_343' title='bbox 1251 2756 1464 2807; x_wconf 86' lang='lat' dir='ltr'><strong>perpetuo</strong></span> <span class='ocrx_word' id='word_1_344' title='bbox 1490 2752 1682 2805; x_wconf 81' lang='lat' dir='ltr'><strong>fruatur,</strong></span> <span class='ocrx_word' id='word_1_345' title='bbox 1711 2768 1792 2810; x_wconf 89' lang='lat' dir='ltr'><strong>po-</strong></span> 
     </span>
     <span class='ocr_line' id='line_1_37' title="bbox 106 2819 1792 2880; baseline 0.002 -17"><span class='ocrx_word' id='word_1_346' title='bbox 106 2826 191 2864; x_wconf 82' lang='lat' dir='ltr'><strong>test</strong></span> <span class='ocrx_word' id='word_1_347' title='bbox 214 2835 397 2875; x_wconf 83' lang='lat' dir='ltr'><strong>capere,</strong></span> <span class='ocrx_word' id='word_1_348' title='bbox 426 2834 542 2861; x_wconf 90' lang='lat' dir='ltr'><strong>nunc</strong></span> <span class='ocrx_word' id='word_1_349' title='bbox 568 2819 614 2861; x_wconf 93' lang='lat' dir='ltr'><strong>in</strong></span> <span class='ocrx_word' id='word_1_350' title='bbox 637 2820 884 2875; x_wconf 77' lang='lat' dir='ltr'><strong>praesentia</strong></span> <span class='ocrx_word' id='word_1_351' title='bbox 909 2835 993 2863; x_wconf 86' lang='lat' dir='ltr'><strong>non</strong></span> <span class='ocrx_word' id='word_1_352' title='bbox 1015 2822 1157 2877; x_wconf 88' lang='lat' dir='ltr'><strong>cupit,</strong></span> <span class='ocrx_word' id='word_1_353' title='bbox 1188 2823 1277 2873; x_wconf 86' lang='lat' dir='ltr'><strong>sed,</strong></span> <span class='ocrx_word' id='word_1_354' title='bbox 1305 2821 1399 2863; x_wconf 82' lang='lat' dir='ltr'><strong>sive</strong></span> <span class='ocrx_word' id='word_1_355' title='bbox 1418 2821 1524 2864; x_wconf 85' lang='lat' dir='ltr'><strong>velit</strong></span> <span class='ocrx_word' id='word_1_356' title='bbox 1546 2822 1640 2864; x_wconf 83' lang='lat' dir='ltr'><strong>sive</strong></span> <span class='ocrx_word' id='word_1_357' title='bbox 1662 2823 1792 2880; x_wconf 73' lang='lat' dir='ltr'><strong>nolit,v</strong></span> 
     </span>
     <span class='ocr_line' id='line_1_38' title="bbox 107 2890 1790 2950; baseline 0.002 -17"><span class='ocrx_word' id='word_1_358' title='bbox 107 2906 206 2934; x_wconf 83' lang='lat' dir='ltr'><strong>eam</strong></span> <span class='ocrx_word' id='word_1_359' title='bbox 242 2890 455 2947; x_wconf 77' lang='lat' dir='ltr'><strong>possidet:</strong></span> <span class='ocrx_word' id='word_1_360' title='bbox 506 2891 713 2932; x_wconf 85' lang='lat' dir='ltr'><strong>Amorem</strong></span> <span class='ocrx_word' id='word_1_361' title='bbox 750 2905 855 2933; x_wconf 66' lang='lat' dir='ltr'><strong>vero</strong></span> <span class='ocrx_word' id='word_1_362' title='bbox 890 2896 986 2934; x_wconf 72' lang='lat' dir='ltr'><strong>esse</strong></span> <span class='ocrx_word' id='word_1_363' title='bbox 1010 2892 1317 2948; x_wconf 83' lang='lat' dir='ltr'><strong>pulcritudinis</strong></span> <span class='ocrx_word' id='word_1_364' title='bbox 1357 2897 1405 2935; x_wconf 90' lang='lat' dir='ltr'><strong>tu</strong></span> <span class='ocrx_word' id='word_1_365' title='bbox 1438 2892 1558 2947; x_wconf 88' lang='lat' dir='ltr'><strong>ipse,</strong></span> <span class='ocrx_word' id='word_1_366' title='bbox 1598 2893 1790 2950; x_wconf 79' lang='lat' dir='ltr'><strong>Agatho,</strong></span> 
     </span>
     <span class='ocr_line' id='line_1_39' title="bbox 109 2961 1788 3018; baseline 0.002 -15"><span class='ocrx_word' id='word_1_367' title='bbox 109 2962 309 3004; x_wconf 83' lang='lat' dir='ltr'><strong>oratione</strong></span> <span class='ocrx_word' id='word_1_368' title='bbox 329 2967 407 3003; x_wconf 87' lang='lat' dir='ltr'><strong>tua</strong></span> <span class='ocrx_word' id='word_1_369' title='bbox 428 2961 589 3005; x_wconf 87' lang='lat' dir='ltr'><strong>dixisti.</strong></span> <span class='ocrx_word' id='word_1_370' title='bbox 646 2963 703 3003; x_wconf 87' lang='lat' dir='ltr'><strong>Et</strong></span> <span class='ocrx_word' id='word_1_371' title='bbox 726 2966 845 3003; x_wconf 86' lang='lat' dir='ltr'><strong>recte</strong></span> <span class='ocrx_word' id='word_1_372' title='bbox 867 2962 1043 3016; x_wconf 87' lang='lat' dir='ltr'><strong>quidem</strong></span> <span class='ocrx_word' id='word_1_373' title='bbox 1058 2997 1070 3018; x_wconf 91' lang='lat'><strong>,</strong></span> <span class='ocrx_word' id='word_1_374' title='bbox 1111 2977 1137 3006; x_wconf 92' lang='lat' dir='ltr'><strong>o</strong></span> <span class='ocrx_word' id='word_1_375' title='bbox 1159 2963 1384 3014; x_wconf 82' lang='lat' dir='ltr'><strong>Socrates3</strong></span> <span class='ocrx_word' id='word_1_376' title='bbox 1427 2977 1530 3005; x_wconf 88' lang='lat' dir='ltr'><strong>nam</strong></span> <span class='ocrx_word' id='word_1_377' title='bbox 1555 2962 1618 3005; x_wconf 81' lang='lat' dir='ltr'><strong>ita</strong></span> <span class='ocrx_word' id='word_1_378' title='bbox 1644 2978 1692 3005; x_wconf 83' lang='lat' dir='ltr'><strong>se</strong></span> <span class='ocrx_word' id='word_1_379' title='bbox 1715 2978 1788 3007; x_wconf 78' lang='lat' dir='ltr'><strong>res</strong></span> 
     </span>
     <span class='ocr_line' id='line_1_40' title="bbox 107 3032 1789 3087; baseline 0.001 -13"><span class='ocrx_word' id='word_1_380' title='bbox 107 3034 259 3075; x_wconf 86' lang='lat' dir='ltr'><strong>habet.</strong></span> <span class='ocrx_word' id='word_1_381' title='bbox 317 3032 403 3074; x_wconf 90' lang='lat' dir='ltr'><strong>Sed</strong></span> <span class='ocrx_word' id='word_1_382' title='bbox 423 3032 558 3074; x_wconf 79' lang='lat' dir='ltr'><strong>Amor</strong></span> <span class='ocrx_word' id='word_1_383' title='bbox 578 3047 680 3074; x_wconf 91' lang='lat' dir='ltr'><strong>cum</strong></span> <span class='ocrx_word' id='word_1_384' title='bbox 700 3032 846 3087; x_wconf 81' lang='lat' dir='ltr'><strong>cupiat</strong></span> <span class='ocrx_word' id='word_1_385' title='bbox 871 3033 1234 3087; x_wconf 84' lang='lat' dir='ltr'><strong>pulcritudinem,</strong></span> <span class='ocrx_word' id='word_1_386' title='bbox 1264 3047 1440 3075; x_wconf 86' lang='lat' dir='ltr'><strong>necesse</strong></span> <span class='ocrx_word' id='word_1_387' title='bbox 1460 3038 1547 3085; x_wconf 84' lang='lat' dir='ltr'><strong>est,</strong></span> <span class='ocrx_word' id='word_1_388' title='bbox 1578 3048 1678 3076; x_wconf 86' lang='lat' dir='ltr'><strong>eam</strong></span> <span class='ocrx_word' id='word_1_389' title='bbox 1701 3049 1789 3076; x_wconf 87' lang='lat' dir='ltr'><strong>non</strong></span> 
     </span>
     <span class='ocr_line' id='line_1_41' title="bbox 109 3102 1789 3159; baseline 0.001 -14"><span class='ocrx_word' id='word_1_390' title='bbox 109 3102 308 3145; x_wconf 64' lang='lat' dir='ltr'><strong>habeat?</strong></span> <span class='ocrx_word' id='word_1_391' title='bbox 364 3103 434 3144; x_wconf 85' lang='lat' dir='ltr'><strong>Ita</strong></span> <span class='ocrx_word' id='word_1_392' title='bbox 467 3102 536 3145; x_wconf 80' lang='lat' dir='ltr'><strong>sit.</strong></span> <span class='ocrx_word' id='word_1_393' title='bbox 592 3104 806 3146; x_wconf 87' lang='lat' dir='ltr'><strong>Pulcrum</strong></span> <span class='ocrx_word' id='word_1_394' title='bbox 833 3117 941 3145; x_wconf 73' lang='lat' dir='ltr'><strong>vero</strong></span> <span class='ocrx_word' id='word_1_395' title='bbox 958 3117 1014 3145; x_wconf 89' lang='lat' dir='ltr'><strong>an</strong></span> <span class='ocrx_word' id='word_1_396' title='bbox 1038 3118 1126 3146; x_wconf 91' lang='lat' dir='ltr'><strong>non</strong></span> <span class='ocrx_word' id='word_1_397' title='bbox 1154 3104 1272 3149; x_wconf 89' lang='lat' dir='ltr'><strong>idem</strong></span> <span class='ocrx_word' id='word_1_398' title='bbox 1297 3118 1470 3159; x_wconf 90' lang='lat' dir='ltr'><strong>quoque</strong></span> <span class='ocrx_word' id='word_1_399' title='bbox 1496 3106 1661 3147; x_wconf 87' lang='lat' dir='ltr'><strong>bonum</strong></span> <span class='ocrx_word' id='word_1_400' title='bbox 1684 3105 1789 3147; x_wconf 60' lang='lat' dir='ltr'><strong>est‘!</strong></span> 
     </span>
     <span class='ocr_line' id='line_1_42' title="bbox 110 3173 1791 3229; baseline 0 -13"><span class='ocrx_word' id='word_1_401' title='bbox 110 3175 191 3216; x_wconf 85' lang='lat' dir='ltr'><strong>Est</strong></span> <span class='ocrx_word' id='word_1_402' title='bbox 218 3173 293 3215; x_wconf 85' lang='lat' dir='ltr'><strong>ita.</strong></span> <span class='ocrx_word' id='word_1_403' title='bbox 350 3173 482 3214; x_wconf 86' lang='lat' dir='ltr'><strong>Caret</strong></span> <span class='ocrx_word' id='word_1_404' title='bbox 509 3173 649 3229; x_wconf 83' lang='lat' dir='ltr'><strong>igitur</strong></span> <span class='ocrx_word' id='word_1_405' title='bbox 676 3174 827 3228; x_wconf 88' lang='lat' dir='ltr'><strong>pulcro</strong></span> <span class='ocrx_word' id='word_1_406' title='bbox 866 3175 1070 3229; x_wconf 86' lang='lat' dir='ltr'><strong>bonoque</strong></span> <span class='ocrx_word' id='word_1_407' title='bbox 1098 3174 1267 3218; x_wconf 61' lang='lat' dir='ltr'><strong>Amor?</strong></span> <span class='ocrx_word' id='word_1_408' title='bbox 1324 3174 1421 3218; x_wconf 81' lang='lat' dir='ltr'><strong>Non</strong></span> <span class='ocrx_word' id='word_1_409' title='bbox 1458 3179 1610 3216; x_wconf 86' lang='lat' dir='ltr'><strong>contra</strong></span> <span class='ocrx_word' id='word_1_410' title='bbox 1627 3179 1669 3216; x_wconf 92' lang='lat' dir='ltr'><strong>te</strong></span> <span class='ocrx_word' id='word_1_411' title='bbox 1690 3189 1791 3229; x_wconf 79' lang='lat' dir='ltr'><strong>pos-</strong></span> 
     </span>
     <span class='ocr_line' id='line_1_43' title="bbox 110 3242 1835 3298; baseline 0 -12"><span class='ocrx_word' id='word_1_412' title='bbox 110 3257 209 3286; x_wconf 69' lang='lat' dir='ltr'><strong>sum</strong></span> <span class='ocrx_word' id='word_1_413' title='bbox 233 3242 477 3298; x_wconf 79' lang='lat' dir='ltr'><strong>disputare,</strong></span> <span class='ocrx_word' id='word_1_414' title='bbox 506 3244 732 3296; x_wconf 82' lang='lat' dir='ltr'><strong>Socrates,</strong></span> <span class='ocrx_word' id='word_1_415' title='bbox 762 3244 837 3285; x_wconf 78' lang='lat' dir='ltr'><strong>sed</strong></span> <span class='ocrx_word' id='word_1_416' title='bbox 863 3243 927 3286; x_wconf 86' lang='lat' dir='ltr'><strong>ita</strong></span> <span class='ocrx_word' id='word_1_417' title='bbox 951 3258 998 3287; x_wconf 77' lang='lat' dir='ltr'><strong>se</strong></span> <span class='ocrx_word' id='word_1_418' title='bbox 1022 3259 1093 3287; x_wconf 82' lang='lat' dir='ltr'><strong>res</strong></span> <span class='ocrx_word' id='word_1_419' title='bbox 1118 3246 1309 3297; x_wconf 85' lang='lat' dir='ltr'><strong>habeat,</strong></span> <span class='ocrx_word' id='word_1_420' title='bbox 1347 3250 1396 3287; x_wconf 90' lang='lat' dir='ltr'><strong>ut</strong></span> <span class='ocrx_word' id='word_1_421' title='bbox 1417 3249 1463 3287; x_wconf 92' lang='lat' dir='ltr'><strong>tu</strong></span> <span class='ocrx_word' id='word_1_422' title='bbox 1495 3244 1620 3289; x_wconf 77' lang='lat' dir='ltr'><strong>dicis.</strong></span> <span class='ocrx_word' id='word_1_423' title='bbox 1676 3245 1792 3287; x_wconf 88' lang='lat' dir='ltr'><strong>Con-</strong></span> <span class='ocrx_word' id='word_1_424' title='bbox 1828 3266 1835 3270; x_wconf 91' lang='lat'><em>-</em></span> 
     </span>
     <span class='ocr_line' id='line_1_44' title="bbox 111 3305 1793 3373; baseline 0.002 -17"><span class='ocrx_word' id='word_1_425' title='bbox 111 3318 182 3356; x_wconf 84' lang='lat' dir='ltr'><strong>tra</strong></span> <span class='ocrx_word' id='word_1_426' title='bbox 198 3312 429 3355; x_wconf 67' lang='lat' dir='ltr'><strong>veritatem</strong></span> <span class='ocrx_word' id='word_1_427' title='bbox 455 3327 541 3355; x_wconf 88' lang='lat' dir='ltr'><strong>non</strong></span> <span class='ocrx_word' id='word_1_428' title='bbox 562 3317 685 3369; x_wconf 78' lang='lat' dir='ltr'><strong>potes</strong></span> <span class='ocrx_word' id='word_1_429' title='bbox 707 3314 955 3371; x_wconf 76' lang='lat' dir='ltr'><strong>disputare,</strong></span> <span class='ocrx_word' id='word_1_430' title='bbox 992 3314 1058 3361; x_wconf 82' lang='lat' dir='ltr'><strong>mi</strong></span> <span class='ocrx_word' id='word_1_431' title='bbox 1080 3315 1282 3373; x_wconf 75' lang='lat' dir='ltr'><strong>Agath03</strong></span> <span class='ocrx_word' id='word_1_432' title='bbox 1333 3305 1437 3359; x_wconf 69' lang='lat' dir='ltr'><strong>riam</strong></span> <span class='ocrx_word' id='word_1_433' title='bbox 1459 3319 1615 3359; x_wconf 83' lang='lat' dir='ltr'><strong>contra</strong></span> <span class='ocrx_word' id='word_1_434' title='bbox 1635 3315 1793 3359; x_wconf 78' lang='lat' dir='ltr'><strong>Socra-</strong></span> 
     </span>
     <span class='ocr_line' id='line_1_45' title="bbox 23 3382 766 3442; baseline 0.001 -15"><span class='ocrx_word' id='word_1_435' title='bbox 23 3431 32 3442; x_wconf 42' lang='lat'><strong>,</strong></span> <span class='ocrx_word' id='word_1_436' title='bbox 112 3389 205 3427; x_wconf 76' lang='lat' dir='ltr'><strong>tem</strong></span> <span class='ocrx_word' id='word_1_437' title='bbox 231 3383 415 3439; x_wconf 71' lang='lat' dir='ltr'><strong>quidm</strong></span> <span class='ocrx_word' id='word_1_438' title='bbox 432 3383 516 3430; x_wconf 82' lang='lat' dir='ltr'><strong>tibi</strong></span> <span class='ocrx_word' id='word_1_439' title='bbox 535 3382 667 3429; x_wconf 70' lang='lat' dir='ltr'><strong>[acilo</strong></span> <span class='ocrx_word' id='word_1_440' title='bbox 686 3388 766 3429; x_wconf 75' lang='lat' dir='ltr'><strong>ent.</strong></span> 
     </span>
    </p>
   </div>
  </div>
 </body>
</html>
