2040 3646
244 163 346 229 ¹43

875 158 1230 212 PLATONIS

239 280 428 370 πάθος
446 292 573 373 κᾶμ’
596 280 714 373 ἔχει.
758 278 899 381 φαόι
922 293 1027 374 γάρ
1051 295 1167 355 που
1191 318 1311 356 τινα
1335 303 1503 357 τοῦτο
1524 297 1780 360 παθοντα
1813 299 1924 361 οὐκ

94 387 220 448 218
241 384 449 444 ἐθέλειν
472 381 646 459 λέγειν
667 376 786 440 οἷον
809 382 880 460 ἠν
899 380 1005 438 πλ
959 403 1045 460 ην
1065 387 1182 454 τοῖς
1207 383 1582 462 δεδηγιιένοις,
1625 408 1699 457 ως
1733 384 1924 462 μόνοις

236 465 600 549 γνωσομένοις
624 486 679 524 τε
701 466 795 523 καὶ
817 467 1335 574 συγγνωσομένοιῃς,
1360 470 1407 527 εἰ
1432 474 1544 528 πᾶν
1564 469 1759 546 ἐτόλμα
1785 475 1924 549 δρᾶν

235 562 292 612 τε
325 553 420 610 καὶ
458 550 631 628 λέγειν
668 547 784 609 υπὸ
819 555 922 630 τῆς
955 548 1179 656 ὀδύνης.
1236 549 1336 629 ἐγώ
1377 543 1483 612 οὖν
1508 555 1842 639 δεδηγμένος
1867 578 1924 615 τε

236 633 353 698 υπὸ
399 632 783 714 αλγεινοτέρου
823 636 916 693 καὶ
957 633 1022 694 τὸ
1064 632 1444 742 (ἔλπγεινότατον
1485 640 1562 697 ὠν
1600 638 1669 699 ἄν
1700 663 1782 713 τις
1818 645 1923 720 δη·-

1455 718 1484 743 ⁰ss
1527 720 1556 743 ΓΙ

235 721 400 801 χθείη
440 754 526 765 -—-
566 717 669 800 τὴν
710 720 941 797 καρδίαν
974 717 1079 799 γὰρ
1120 717 1159 801 ἢ
1209 719 1402 802 ψυχὴν
1446 746 1483 802 η
1522 746 1626 783 οτι
1662 727 1747 783 δεῖ
1784 722 1923 784 αὐτὸ

232 803 507 882 ὀνομάσαι
528 803 755 884 πληγείς
779 826 835 865 τε
857 806 950 863 καὶ
975 807 1200 886 δηχθεὶς
1223 803 1340 866 ὑπὸ
1375 812 1483 866 τῶν
1517 809 1574 868 ἐν
1614 810 1925 915 φιλοσοφίᾳ

234 889 442 970 λόγων,
507 889 562 948 οἱ
597 889 806 966 ἔχονται
837 889 1048 970 ἐχίδνης
1088 887 1413 968 ἀγριώτερον
1451 892 1585 952 νέου
1618 897 1810 973 ψυχῆς
1846 892 1924 975 μὴ

236 974 500 1055 ἀφυοῦς,
544 969 678 1033 ὅταν
713 973 1011 1051 λάβωνται,
1053 977 1147 1034 καὶ
1184 981 1416 1034 ποιοῦσι
1452 981 1591 1055 δρᾶν
1612 1001 1668 1037 τε
1703 981 1799 1037 καὶ
1829 980 1922 1038 λέ-

233 1082 350 1143 γειν
383 1056 578 1119 ὁτιοῦν
633 1095 718 1105 --
769 1059 863 1118 καὶ
902 1056 1050 1139 ὁρῶν
1090 1083 1166 1118 αυ
1213 1062 1528 1140 Φαίδρους,
1593 1061 1924 1142 Ἆγάθωνας,

291 1226 402 1274 νέου
426 1225 578 1282 ψυχῆς
597 1221 660 1282 μὴ
686 1218 900 1281 ἄφυοῦς]
930 1224 1058 1269 Libri
1081 1224 1189 1269 editi
1211 1229 1312 1270 ante
1333 1197 1509 1270 Aetium
1533 1243 1574 1275 v.
1598 1237 1709 1285 ψυχ.
1735 1227 1833 1274 καὶ
1860 1225 1934 1287 μὴ·

236 1279 323 1344 α’φ.
354 1285 444 1330 Sed
467 1288 588 1328 recte
610 1283 765 1341 optimi
793 1283 915 1328 libri.

235 1399 466 1472 Petitus
494 1425 687 1469 Miscell'.
726 1424 932 1470 obss.11.
975 1421 1046 1467 15.

237 1487 391 1541 Quum
417 1483 533 1525 enim
550 1515 563 1536 ‚
574 1483 671 1539 qui
682 1482 873 1538 viperae
896 1496 994 1524 mol
995 1487 1048 1523 su

234 1541 461 1584 vulnerati
478 1545 615 1593 erant,
646 1540 952 1595 superstitione
968 1540 1049 1580 du-

236 1599 299 1642 cti
330 1598 522 1641 solerent
556 1598 796 1654 confugere
831 1597 887 1640 ad
918 1610 1048 1638 usum

234 1669 392 1698 eorum
400 1654 620 1697 remedior
625 1669 713 1706 um,
734 1668 846 1709 quae
861 1655 1050 1709 pruden-

233 1713 426 1756 tim-ibus
453 1711 594 1753 risum
614 1717 842 1753 moverent
862 1712 1049 1766 ideoque

234 1769 339 1813 aliis
360 1767 548 1811 indicari
576 1773 621 1810 et
653 1768 829 1810 narrari
861 1783 948 1810 non
983 1769 1049 1810 fa·-

236 1826 325 1869 cile
361 1829 560 1882 possent:
600 1825 828 1881 eleganter
851 1824 1050 1868 Alcibia-

237 1884 315 1926 des
351 1895 398 1926 se
420 1887 648 1949 comparat
694 1891 797 1924 cum·
832 1881 1050 1937 eiusmodi

234 1939 509 1991 hominibuS,
537 1938 615 1994 qui
640 1952 727 1994 quo
742 1939 950 2006 vipereos
971 1932 1050 1981 ‹io-

234 1997 356 2045 lores
384 1996 594 2048 lenirent,
635 1995 785 2038 omnia
809 1997 1048 2049 tentabant,

233 2054 385 2109 aitque
416 2067 493 2106 se,
542 2057 813 2108 quantopere
853 2052 1048 2096 Socratis

232 2125 459 2155 sermones
478 2109 616 2165 ipsius
638 2109 838 2152 animum
854 2123 1050 2152 momor-

233 2167 407 2215 derint
419 2170 463 2210 et
502 2166 795 2223 pupugerint,
853 2167 1048 2209 convivis

232 2227 522 2268 narraturum
552 2228 808 2290 propterea,
856 2225 974 2278 quod
1004 2227 1049 2267 et

232 2281 321 2350 ipsi
369 2281 459 2324 tale
494 2280 704 2336 quiddam
739 2280 908 2337 experti
952 2294 1047 2324 esse

232 2339 483 2384 videantur.

291 2397 344 2439 P.
367 2394 465 2437 218.
494 2389 601 2449 ἐγω
599 2383 687 2438 οὖν
703 2391 1013 2450 δεδηγμένος-
1024 2393 1044 2451 ]

231 2445 532 2497 Anacoluthia
559 2465 738 2507 prorsus
783 2451 969 2519 egregia
1003 2457 1048 2494 et

231 2509 303 2553 rei
345 2508 432 2566 ipsi
470 2509 829 2561 accommodata,
886 2508 1046 2564 quippe

232 2581 347 2621 quae
380 2559 598 2620 loquentis
635 2566 849 2622 impetum
886 2565 1047 2608 animi-

230 2637 320 2678 que
358 2622 721 2675 commotionem,
765 2637 852 2678 qua
886 2623 939 2664 de
963 2622 1043 2665 ino

231 2679 385 2722 dolore
404 2679 625 2735 loquitur,
663 2681 792 2736 plane
825 2679 1044 2735 exprimat

230 2741 277 2779 et
290 2736 456 2779 veluti
441 2736 638 2806 imagine
677 2737 825 2791 aliqua
862 2751 1043 2806 reprae-

229 2799 385 2836 sentet.
408 2817 438 2825 -
465 2790 575 2837 υπὸ
606 2787 1038 2865 οἶλγεινοτέρου.

227 2850 261 2893 i.
285 2865 324 2893 e.
363 2845 456 2894 υπὸ
487 2851 580 2901 τῶν
611 2848 658 2894 ἐν
684 2851 939 2910 φιλοσοφία
964 2848 1038 2894 λό-

229 2922 347 2962 γων,
405 2906 482 2962 qui
534 2907 886 2950 vehementiores
937 2912 1038 2950 sunt

230 2964 367 3007 etiam
387 2978 537 3006 morsu
554 2965 747 3033 vipereo.
777 2965 899 3007 Male
919 2965 1038 3007 Ste-

229 3022 457 3091 phanus
489 3021 600 3064 coni.
638 3017 976 3076 αλγεινοτάτου.
1007 3045 1036 3053 -

229 3075 292 3128 τό
323 3074 879 3146 ἄλγεινότατον,
917 3092 1035 3121 eam

229 3134 338 3177 mei
377 3138 630 3191 partem,
688 3150 830 3202 quae
877 3136 1034 3178 dolo-

228 3206 314 3233 res
356 3189 861 3234 vehementissime
903 3207 1034 3235 sen-

227 3248 327 3298 tit,
356 3247 487 3291 videl.
514 3244 597 3304 τὴν
608 3249 812 3320 καρδίαν
833 3265 872 3291 κ.
893 3265 931 3291 τ.
954 3252 990 3291 λ.
1007 3274 1034 3283 -·

226 3299 306 3360 ἢ”
287 3299 314 3348 o'
345 3321 401 3348 τι
431 3306 527 3348 δεῖ
551 3301 692 3349 avt-6
725 3301 1044 3361 ὀνομάσαι.

224 3375 271 3406 v.
301 3361 358 3404 ad
386 3378 427 3417 p.
449 3362 546 3406 212.
571 3363 620 3406 Ο.
650 3387 679 3395 -
708 3365 946 3417 πληγείς
973 3378 1032 3407 τε

223 3433 265 3463 κ.
285 3419 326 3465 0.
379 3419 601 3475 Frequens
635 3425 702 3465 est
729 3421 914 3464 verbum
951 3418 1033 3465 δά-

1111 1439 1238 1469 nvem
1261 1425 1316 1468 ad
1340 1425 1538 1468 animum
1562 1425 1625 1467 sie
1645 1427 1921 1471 translatum.

1112 1483 1151 1526 A
1170 1497 1194 1524 r
1212 1483 1230 1526 i
1251 1498 1269 1524 s
1290 1488 1306 1525 t
1325 1497 1350 1525 o
1369 1499 1399 1555 p
1417 1484 1463 1526 h.
1492 1483 1682 1526 Acharn.
1709 1483 1755 1527 1'3‘
1790 1485 1921 1539 δέδη-

1111 1555 1225 1595 γμαι
1247 1537 1332 1596 τὴν
1359 1538 1559 1595 ἐμαυτοῦ
1580 1542 1798 1598 καρδίανε
1842 1542 1922 1586 ubi

1112 1612 1154 1639 v.
1186 1598 1412 1641 Kuster.
1441 1599 1591 1667 Neque
1620 1599 1710 1641 rari
1731 1613 1835 1641 usus
1856 1614 1900 1641 e
1888 1605 1921 1643 t

1114 1652 1394 1710 πλήττεσθαι
1423 1661 1465 1697 et
1483 1653 1732 1712 βάλλεσθαι
1750 1657 1805 1699 de
1829 1672 1923 1698 ser-

1113 1711 1318 1755 monibus
1367 1712 1555 1766 dictum,
1614 1713 1774 1768 quibus
1823 1714 1923 1768 quis

1114 1769 1240 1824 quasi
1277 1770 1431 1812 ferItur
1463 1777 1505 1812 et
1525 1771 1781 1838 percutitur.
1829 1772 1923 1813 Eu·-

1114 1827 1316 1895 thydem.
1343 1842 1384 1882 p.
1405 1826 1503 1868 302.
1536 1828 1588 1869 Ε.
1611 1822 1776 1897 ‚m'gnsg
1807 1831 1922 1884 πλη-

1113 1885 1207 1939 γεὶς
1230 1875 1322 1928 υπὸ
1342 1884 1427 1927 τοῦ
1445 1881 1583 1938 λόγου
1603 1879 1796 1940 ἄφωνος
1811 1882 1923 1929 ἐκεί·-

1113 1956 1217 1996 μην.
1248 1955 1289 1985 v.
1315 1942 1369 1983 W
1421 1943 1710 1986 ttenbach.
1733 1943 1790 1985 ad
1812 1943 1922 1985 Plu-

1111 1998 1251 2042 tarch.
1280 1998 1334 2040 de
1405 2012 1465 2040 er.
1501 1998 1630 2043 Num.
1651 1998 1777 2044 Vind.
1809 2015 1850 2071 p.
1874 1997 1918 2043 5.
1929 2009 1934 2017 '

1114 2070 1206 2110 sqq.
1236 2079 1264 2087 -
1315 2053 1396 2112 [οἳ
1425 2053 1605 2110 ἔχονται
1637 2080 1666 2089 -
1702 2052 1765 2114 μὴ
1798 2066 1921 2111 ᾱφυ-

1113 2111 1225 2168 οὕς]
1257 2113 1455 2166 Comma,
1484 2113 1601 2181 quod
1620 2111 1755 2171 vulgo
1783 2116 1930 2169 pone-'

1111 2170 1246 2212 batur
1266 2174 1362 2224 post
1383 2167 1689 2238 ἀγριώτερον,
1720 2177 1921 2226 transpo-

1113 2226 1282 2268 suimus
1307 2226 1362 2269 ad
1392 2225 1601 2282 αφυοῦς,
1636 2227 1700 2270 ita
1720 2234 1770 2270 ut
1790 2227 1920 2283 geni-

1111 2282 1195 2326 tivi
1211 2281 1317 2327 νέου
1328 2286 1480 2340 ψυχῆς
1491 2285 1705 2341 pendeant
1723 2286 1780 2328 ab
1795 2285 1919 2340 ἕχον-

1109 2356 1217 2391 ται,
1245 2342 1361 2395 quod
1381 2343 1467 2385 hac
1497 2341 1817 2398 significatione
1839 2342 1919 2384 ad-

1109 2395 1305 2440 bibitum
1324 2399 1442 2441 haud
1461 2403 1602 2454 potest
1620 2412 1770 2441 carere
1789 2399 1916 2455 geni-

1109 2455 1552 2522 tivo.V.C.F.R.].-
1569 2451 1643 2511 μὴ
1659 2451 1914 2523 ἀφυοῦς,

1107 2511 1138 2555 i.
1155 2526 1193 2554 e.
1223 2505 1442 2566 εὐφυοῦς,
1471 2511 1772 2579 praeditae
1799 2527 1915 2555 sen-

1109 2583 1170 2610 su
1222 2569 1499 2612 veritatis
1548 2573 1603 2612 et
1644 2568 1913 2623 virtutis,

1108 2617 1139 2683 ᾗ
1160 2641 1205 2668 τι
1232 2623 1279 2669 ἐν
1300 2627 1356 2684 τῇ
1383 2624 1517 2681 φύσει
1540 2627 1794 2686 φιλοσοφία
1810 2641 1915 2682 συγ-

1105 2682 1253 2736 γενές,
1280 2688 1330 2724 ut
1360 2683 1552 2738 loquitur
1581 2671 1806 2727 Lucian.
1835 2684 1916 2728 Ni-

1105 2740 1220 2796 grin.
1253 2754 1292 2795 p.
1318 2739 1384 2783 42.
1399 2789 1402 2791 ,

1163 2797 1214 2838 Β.
1271 2796 1349 2839 καὶ
1390 2793 1512 2854 ὅρων
1551 2812 1610 2839 av
1655 2797 1816 2856 Φαίδρ.
1842 2801 1908 2851 -]

1105 2853 1330 2895 Orationis
1351 2858 1571 2896 structum
1591 2855 1701 2897 haec
1724 2868 1818 2898 esse
1836 2855 1913 2897 de-

1103 2911 1262 2952 bebat·
1293 2910 1372 2953 καὶ
1393 2906 1533 2982 ὁρῶν
1538 2905 1599 2955 αὖ
1608 2907 1764 2980 υμᾶς,
1798 2912 1910 2956 Φαί-

1103 2968 1245 3037 δρους
1273 2992 1302 3000 -
1342 2968 1420 3011 καὶ
1455 2985 1566 3018 τους
1600 2964 1763 3019 αλλους
1793 2966 1910 3012 πάν-

1099 3039 1185 3074 τας
1201 3020 1294 3068 ὑπὸ
1321 3025 1412 3068 τῶν
1437 3021 1591 3068 αὐτῶν
1607 3025 1911 3095 δεδηγμένους

1101 3095 1135 3123 s.
1170 3080 1562 3138 κεκοινωνηκότας
1596 3083 1679 3137 τῆς
1722 3081 1912 3152 φιλοσό-

1056 3141 1064 3149 ’
1103 3153 1198 3205 φου
1224 3139 1390 3192 μανίας
1408 3154 1456 3182 τε
1486 3139 1564 3183 καὶ
1558 3140 1822 3209 βακχειᾞας
1851 3134 1906 3183 τὸ

1100 3191 1212 3244 ἐμὸν
1233 3193 1392 3245 πάθος
1417 3190 1575 3239 οἷον
1548 3213 1604 3252 ην
1631 3198 1773 3239 πᾶσιν
1799 3193 1918 3266 ’ὑμῖν

1099 3249 1245 3295 ἐθέλω
1277 3252 1432 3308 λέγειν.
1475 3251 1787 3307 συγγνώσεσθε
1820 3250 1908 3322 γὰρ

1097 3324 1137 3350 u.
1162 3325 1201 3351 τ.
1224 3311 1260 3351 λ.
1290 3333 1318 3342 -
1356 3310 1423 3351 De
1444 3311 1693 3353 nominibus
1718 3310 1907 3378 proprii-s

1097 3364 1145 3406 in
1185 3380 1367 3408 numero
1410 3367 1572 3421 plurali
1609 3367 1762 3422 positis
1803 3373 1908 3411 nota

1097 3422 1258 3468 omnia.
1295 3438 1338 3468 ι.
1367 3423 1635 3468 Valcken.
1667 3426 1723 3469 ad
1751 3425 1907 3472 Theo-¹
