2040 3646
700 170 796 223 AD
835 165 1317 222 PHAEDONEM.
1825 174 1858 228 7

163 316 312 361 grai-e.
370 303 499 360 Quae
517 303 732 348 sententia
750 303 786 346 si
815 318 921 356 vera
942 307 1034 357 est,
1071 303 1128 346 de
1146 302 1395 346 animorum
1419 300 1752 346 iinmortnlitate
1772 301 1856 346 du-

160 374 295 417 bitari
323 389 410 417 non
432 380 589 431 potest.
645 375 890 419 Confirmat
912 381 1061 421 autem
1084 373 1208 417 illius
1237 372 1479 418 sententiae
1511 373 1742 417 veritatem
1765 374 1854 417 hoc

160 444 378 499 maxime,
405 446 524 500 quod
546 445 592 489 in
611 445 816 491 universa
834 460 984 490 rerum
1014 451 1172 489 natura
1194 444 1313 489 hanc
1335 443 1537 489 videmus
1562 444 1713 502 legem
1747 459 1852 488 con-

161 521 324 559 stanter
346 516 590 571 dominari,
628 523 679 560 ut
704 516 925 561 contraria
949 530 1003 562 ex
1024 515 1256 561 contrariis
1277 514 1500 570 oriantur,
1542 514 1681 559 veluti
1703 515 1853 560 maius

155 587 302 630 oritur
322 601 375 629 ex
396 586 567 629 minore
583 618 597 640 ,
634 588 813 632 tardum
832 601 886 633 ex
902 587 1070 643 veloci,
1113 587 1292 631 firmum
1325 600 1378 630 ex
1401 585 1578 631 infirmo
1592 620 1606 640 ,
1646 587 1770 630 calor
1796 602 1849 631 ex

158 658 326 714 frigore
357 663 402 702 01
432 657 643 703 vicissim.
700 658 870 704 Eadem
900 658 1045 715 igitur
1073 657 1334 701 necessitate
1366 657 1482 700 inter
1507 671 1557 700 se
1593 659 1851 702 coniunctas

158 743 254 771 esse
275 734 465 772 mortem
487 733 531 772 et
551 727 689 772 vitam
709 734 862 784 sponte
883 727 1193 784 consequitur,
1234 727 1298 771 ita
1314 732 1365 770 ut
1393 741 1445 770 ex
1478 727 1581 771 vivo
1615 729 1694 773 fiat
1729 743 1851 773 11101·-

156 806 259 842 tuus
284 805 328 842 ct
348 798 546 842 vicissim
562 813 617 842 ex
634 796 976 842 mortuo-vivus.
1034 799 1124 842 Sed
1147 813 1258 855 age,
1297 812 1394 841 rem
1416 797 1677 855 diligentius
1711 799 1849 858 etiam

156 869 441 926 explicemus.
496 869 651 925 Itaque
676 869 888 925 quidquid
909 874 1130 928 mutatur,
1168 868 1214 911 id
1234 869 1283 913 in
1302 868 1443 927 alium
1466 875 1630 914 statum
1659 870 1849 915 transire

153 939 437 984 manifestum
472 944 552 982 est.
611 938 871 984 Continetur
903 945 1054 984 autem
1081 939 1234 985 omnis>
1260 938 1448 985 mutatio
1491 940 1657 997 triplici
1694 941 1847 984 condi-

144 1011 295 1054 'tionez
325 1024 429 1053 nam
451 1009 595 1066 primo
614 1024 686 1052 res
713 1016 884 1054 mutata
902 1024 955 1053 ex
977 1010 1133 1066 aliquo¹
1155 1006 1299 1067 afim,
1340 1009 1387 1055 in
1411 1024 1500 1067 11110
1528 1017 1660 1056 antea
1687 1013 1845 1066 ruerat,

152 1081 358 1126 discedi&
389 1081 546 1124 deinde
567 1081 721 1124 eadem
741 1082 798 1124 ad
819 1081 940 1126 aliud
968 1081 1180 1144 quiddam
1201 1080 1380 1128 transit:
1421 1081 1611 1139 denique
1637 1082 1843 1143 pervenit

153 1152 209 1196 ad
230 1152 426 1208 aliquem
446 1157 609 1194 statum
622 1183 635 1204 ,
665 1151 711 1194 in
736 1166 866 1208 quem
886 1159 1015 1198 antea
1033 1151 1253 1197 tendebat.
1309 1152 1459 1197 veluti
1483 1151 1524 1198 si
1544 1153 1644 1209 quis
1664 1153 1842 1206 dormit,

151 1223 191 1266 is
213 1238 265 1268 ex
295 1222 452 1279 vigilia
470 1222 516 1265 in
541 1236 745 1266 somnum
767 1223 955 1270 transiit-
1011 1222 1135 1267 later
1155 1236 1360 1266 somnum
1389 1228 1539 1269 autem
1565 1230 1699 1280 atqne
1726 1217 1845 1285 vigi-

152 1295 259 1337 liam
283 1294 563 1336 interiectum
582 1299 647 1336 est
665 1293 801 1349 illud,
831 1295 948 1350 quod
971 1307 1179 1338 vocamus
1207 1293 1658 1352 obdormiscere,
1716 1294 1843 1336 Unde

152 1364 441 1422 intelligitur,
471 1378 604 1420 quam
630 1379 783 1408 verum
808 1365 1021 1418 sitillud,
1060 1365 1177 1421 quod
1199 1364 1390 1411 diximus
1422 1364 1478 1408 de
1497 1364 1664 1421 triplici
1693 1364 1843 1407 cuius-

153 1450 241 1491 que
274 1434 530 1478 mutationis
558 1435 821 1479 conditione.
889 1437 1054 1479 Eadem
1083 1435 1198 1480 ratio
1235 1439 1324 1488 est,
1362 1434 1530 1491 siquis
1553 1435 1748 1479 vicissim
1786 1450 1842 1479 ex
1880 1490 1881 1494 Ἰ

150 1520 303 1550 somno
323 1506 473 1548 redeat
494 1505 550 1549 ad
566 1505 795 1563 vigiliamt
826 1522 928 1551 nam
951 1507 1206 1564 priusquam
1226 1507 1324 1563 ipsa
1342 1505 1503 1563 vigilia
1524 1505 1694 1562 incidit,
1725 1506 1839 1549 illud

148 1578 300 1621 locum
329 1578 494 1619 habeat
525 1591 703 1620 necesse
737 1584 826 1631 est,
887 1579 1003 1634 quod
1032 1575 1366 1636 expergisci
1391 1590 1615 1622 vocamus.
1687 1579 1839 1634 Quum

150 1663 255 1692 vero
278 1649 390 1691 haec
411 1648 479 1690 lex
501 1648 546 1690 in
575 1655 666 1693 tota
685 1663 835 1693 10111111
861 1655 1018 1692 natura
1037 1649 1210 1702 valeat,
1239 1662 1342 1692 eum
1355 1680 1369 1702 ,
1398 1647 1477 1706 qui
1497 1648 1543 1691 in
1562 1648 1682 1693 hanc
1701 1647 1839 1692 vitam

149 1720 308 1773 intret,
338 1733 515 1762 necesse
536 1725 604 1762 est
624 1718 750 1762 illam
770 1734 999 1776 permeare
1023 1719 1149 1777 quasi
1172 1719 1491 1773 conditionem,
1521 1732 1654 1775 quam
1678 1732 1746 1764 1111
1759 1720 1840 1762 sci

152 1792 300 1834 dicere
313 1792 528 1842 solemus;
567 1804 670 1833 eum
690 1805 819 1844 vero,
852 1791 929 1846 111ιί
949 1797 1147 1835 mortuus
1170 1790 1251 1843 sit,
1293 1789 1593 1835 moriendo
1623 1790 1679 1835 ad
1707 1790 1838 1834 illum

152 1869 316 1907 statum
346 1861 608 1918 pervenisse.
675 1862 805 1917 Quae
835 1876 972 1917 quum
1005 1860 1068 1904 ita
1096 1861 1208 1914 sint,
1254 1860 1455 1913 animum
1488 1860 1717 1904 moriendo
1744 1876 1837 1918 11011

151 1932 390 1989 exstingui,
421 1933 497 1974 sed
519 1932 564 1975 in
581 1932 722 1975 alium
749 1938 911 1976 statum
940 1932 1142 1985 transire,
1169 1931 1301 1975 facile
1321 1937 1388 1975 est
1405 1932 1459 1975 ad
1481 1931 1837 1989 intelligendum.

149 2006 266 2050 Nam
307 2018 394 2058 quo
428 2003 574 2045 minus
600 2003 902 2046 existimemus
939 2009 1144 2047 naturam
1185 2017 1238 2046 ex
1267 2003 1410 2053 altera
1439 2003 1511 2046 sui
1545 2009 1670 2061 parte
1709 2003 1839 2058 quasi

154 2074 428 2126 claudicare,
484 2087 620 2130 quum
650 2073 788 2128 illud,
828 2075 945 2129 quod
974 2074 1267 2118 moriendo
1304 2074 1587 2129 respondeat,
1618 2075 1832 2118 nimirum

153 2147 268 2202 quod
319 2160 379 2188 ex
423 2145 633 2188 inferis
675 2146 867 2188 redire
896 2158 1129 2196 vocamus,
1180 2159 1266 2187 non
1289 2144 1492 2198 eveniat,
1532 2146 1620 2187 hoc
1644 2145 1838 2188 maxime

153 2217 356 2273 impedit,
385 2215 502 2271 quod
523 2217 699 2259 sublata
728 2230 877 2258 rernm
901 2214 1184 2273 generatione
1213 2215 1441 2271 reciproca
1466 2216 1699 2272 paullatim
1742 2222 1834 2261 tota

154 2303 304 2332 rerum
330 2293 490 2330 natura
518 2285 645 2342 quasi
669 2286 911 2344 rigesceret
939 2292 983 2329 et
1018 2293 1361 2332 consumeretur.
1414 2285 1565 2330 Veluti
1596 2285 1635 2330 si
1666 2290 1837 2330 tantum

148 2360 267 2403 'illud
282 2357 501 2410 eveniret,
540 2357 657 2413 quod
677 2372 887 2402 vocamus
916 2357 1376 2409 obdormiscere,
1413 2371 1557 2413 11011110
1587 2357 1735 2400 locum
1752 2358 1838 2401 ha-

153 2432 279 2474 beret
313 2427 605 2481 contrarium,
647 2429 765 2484 quod
796 2428 1282 2485 expergiscimur3
1322 2428 1472 2472 omnia
1504 2428 1560 2471 ad
1593 2434 1837 2472 extremum

152 2505 363 2557 ‘perpetuo
394 2504 698 2558 premerentur
729 2514 896 2542 somno-
978 2499 1146 2544 Eodem
1180 2498 1319 2556 igitur
1348 2500 1480 2543 modo
1511 2499 1565 2541 de
1597 2513 1676 2551 eo,
1720 2498 1839 2555 quod

148 2571 437 2615 ⁴moriendo
466 2576 533 2614 est
557 2570 842 2622 contrarium,
872 2569 1071 2613 iudicare
1092 2570 1317 2613 debemus.
1373 2570 1488 2626 Nam
1512 2569 1550 2612 si
1574 2571 1724 2614 omnia
1742 2562 1840 2613 1110-

156 2648 356 2687 rex-entur
374 2657 454 2685 nec
475 2642 715 2698 quidquam
741 2643 883 2683 denuo
902 2642 948 2684 in
977 2642 1111 2684 vitam
1130 2641 1316 2686 rediret:
1342 2641 1401 2686 ad
1420 2645 1665 2684 extremum
1687 2641 1838 2684 omnia

157 2716 298 2758 forent
318 2720 534 2766 emortua,
560 2713 675 2755 nihil
703 2712 886 2763 viveret,
913 2712 1027 2755 nihil
1050 2713 1235 2769 vigeret.
1292 2713 1392 2756 Hoc
1411 2712 1551 2770 igitur
1571 2718 1835 2770 argumento

157 2785 270 2828 mihi
292 2790 492 2827 constare
522 2784 694 2827 videtur
725 2783 897 2826 animos
918 2783 1149 2827 hominum
1181 2788 1323 2827 morte
1351 2797 1439 2828 non
1473 2782 1697 2836 consumi,
1757 2783 1836 2825 sed

157 2869 337 2900 manere
364 2869 440 2898 eos
472 2853 609 2899 aliam
641 2854 800 2909 vitam,
835 2854 880 2898 in
911 2869 998 2911 qua
1030 2854 1160 2899 bonis
1187 2853 1372 2909 melius,
1413 2853 1545 2899 malis
1567 2853 1693 2910 peius
1717 2854 1834 2897 futu-

152 2935 257 2970 'rum
278 2926 350 2970 sit.

322 2997 430 3052 Gap.
458 2994 580 3039 xvn
605 3020 661 3030 —
680 2995 823 3039 xxn.
901 2996 1022 3038 Tum
1048 2996 1212 3039 Cebes:
1250 2997 1349 3053 Ego
1375 3010 1506 3047 vero,
1554 3010 1582 3037 0
1614 2993 1834 3047 Socrates,

151 3067 421 3111 'sententiam
435 3072 556 3110 tuam
577 3070 671 3110 toto
685 3071 860 3123 pectore
879 3067 1133 3121 amplector.
1163 3067 1309 3121 Quam
1326 3072 1375 3111 ut
1395 3082 1474 3123 pro
1499 3079 1604 3108 vera
1625 3066 1833 3120 habeam,

151 3138 325 3181 'faciunt
356 3137 490 3181 etiam
517 3152 592 3190 ea,
641 3151 754 3194 quae
787 3137 1010 3192 superiore
1039 3142 1234 3193 tempore
1263 3137 1318 3179 de
1346 3152 1401 3180 eo
1426 3137 1688 3192 disputasti,
1715 3124 1832 3191 quod

158 3212 300 3251 totum
330 3208 467 3260 illud,
521 3208 637 3264 quod
669 3207 895 3250 discere
921 3222 1157 3260 vocamus,
1206 3208 1271 3250 nil
1302 3208 1426 3251 aliud
1458 3207 1516 3250 sit
1542 3206 1627 3249 nisi
1662 3206 1836 3249 remi-

160 3278 326 3321 nisci.
352 3299 355 3302 ·
397 3280 498 3321 Hoc
523 3279 641 3321 enim
673 3278 711 3322 si
730 3291 886 3321 verum
907 3286 995 3330 est,
1037 3279 1232 3323 animum
1259 3291 1436 3320 necesse
1461 3284 1550 3325 est,
1594 3284 1834 3333 antequam

146 3348 207 3391 in
230 3349 344 3392 lmnc
363 3344 501 3393 vitam
523 3349 710 3394 intraret
724 3382 738 3403 ‚
776 3348 976 3406 viguisse
997 3356 1128 3407 atque
1148 3361 1298 3393 rerum
1322 3349 1499 3394 notitias
1519 3348 1564 3392 in
1585 3348 1831 3393 humanum
