2040 3646
279 160 380 209 xlv

278 304 336 350 ad
368 303 509 360 ipsam
540 300 667 345 illam
691 300 972 353 «doctrinam,
1021 314 1155 357 qnam
1183 315 1362 346 necesse
1391 306 1458 348 est
1491 305 1638 350 tenori.
1655 309 1712 352 ab
1741 308 1964 362 omnibus,

278 389 356 446 qui
373 403 474 431 cum
499 388 646 430 fructu
672 386 823 441 aliquo
848 387 1083 429 Platonem
1115 389 1268 445 legere
1298 390 1479 444 cupiunt
1490 390 1545 446 *).

447 473 588 515 Aede
611 486 664 514 eo
698 471 878 527 quidem
907 473 1038 515 Plato
1066 487 1167 515 cum
1200 475 1465 518 Parmenide
1495 478 1733 530 consensit,
1771 479 1888 534 quod
1920 482 1965 522 et

278 561 374 617 ipse
394 557 582 601 discerni
604 557 746 600 voluit
764 557 892 600 binas
915 562 1279 612 rerumvnaturas3
1320 561 1535 615 alteram,
1576 575 1690 617 quae
1712 564 1833 606 cerni
1857 577 1965 606 ocu-

277 646 351 719 lis·
364 646 534 701 posset,
572 654 704 698 quam
728 642 906 698 quidem
930 641 1179 700 δοξαστήν,
1220 645 1515 700 opinabilem,
1558 647 1819 703 appellavit,
1858 646 1966 704 quia

278 731 452 776 nullam
471 729 666 772 efficeret
698 728 908 771 scientiae
939 729 1192 772 firmitatem
1223 734 1268 773 et
1299 731 1613 784 constantiam3
1652 733 1841 776 alteram
1863 734 1966 777 δια-ι

276 809 519 872 νοητικήν,
549 826 660 869 quae
688 813 785 856 sola
811 817 958 856 mente
983 819 1026 857 et
1058 815 1328 872 cogitatione
1362 811 1572 873 cognosci
1602 823 1748 873 posset
1774 832 1826 861 ae
1848 818 1965 861 nihil

279 913 516 943 commune
547 899 734 942 haberet
759 913 860 941 cum
891 900 1025 942 rebus
1060 901 1296 955 corporeis.
1356 902 1559 944 Tametsi
1592 917 1696 946 vero
1734 903 1965 959 utriusque

243 1009 247 1016 ·
276 984 534 1043 philosophi
553 984 606 1027 de
621 985 707 1027 hac
729 998 778 1055 re
797 998 960 1042 magna
977 984 1062 1028 fuit
1078 985 1126 1028 in
1147 986 1404 1030 univer-sum
1424 987 1652 1030 consensio
1667 1019 1680 1040 ‚
1710 992 1857 1031 tamen
1875 988 1964 1031 dici

276 1071 354 1116 vix
386 1074 551 1127 potest,
592 1073 862 1126 quantopere
892 1068 941 1112 in
969 1069 1156 1127 singulis
1188 1071 1414 1116 doctrinae
1440 1073 1641 1128 partibus
1666 1073 1963 1118 dissenserint.

274 1158 330 1202 Id
360 1156 478 1213 quod
512 1155 643 1198 facile
681 1155 873 1198 iudicari
900 1155 1063 1211 poterit
1094 1171 1147 1198 ex
1175 1157 1374 1199 Platonis
1397 1157 1570 1213 placitis
1603 1163 1734 1214 atque
1756 1158 1963 1204 decretis.

275 1243 365 1295 Hic
386 1242 528 1294 enim,
560 1254 697 1296 quum
711 1239 883 1293 omnia,
912 1255 1024 1295 quae
1043 1241 1242 1284 sensibus
1261 1242 1584 1298 percipiuntur,
1615 1243 1746 1296 oriri,
1783 1243 1964 1297 mutari,

273 1327 470 1385 agitari,
505 1326 688 1374 interire
714 1325 1117 1380 animadvertisset,
1156 1326 1203 1369 in
1229 1341 1327 1370 eam
1347 1327 1579 1384 paullatim
1605 1329 1864 1371 sententiam
1890 1330 1966 1372 de-

273 1413 420 1466 venit,
448 1416 498 1454 ut
513 1416 679 1454 certam
698 1411 960 1467 firmamque
977 1411 1231 1466 scientiam,
1261 1427 1394 1467 quam
1417 1410 1674 1469 ἐπιστήμην
1699 1414 1964 1470 appellabat,

271 1499 377 1543 inde
397 1497 539 1554 repeti
561 1489 604 1540 et
628 1497 802 1543 haur-iri
834 1511 963 1553 posse
995 1501 1195 1554 negaret.
1256 1499 1407 1553 Quum
1439 1513 1544 1541 vero
1568 1499 1843 1543 Parmenidis
1869 1500 1966 1555 Pla-⁸

275 1584 416 1633 citum
440 1583 495 1626 de
518 1580 682 1643 οὐσίᾳ,
711 1596 828 1638 quae
848 1583 978 1625 unice
1003 1583 1188 1625 haberet
1211 1584 1467 1637 ver-itatem,
1506 1597 1671 1640 magna
1694 1597 1797 1626 cum
1826 1583 1967 1635 animi

273 1669 524 1714 assensione
549 1668 839 1725 percepisset,
869 1672 914 1710 et
931 1668 985 1710 de
1007 1668 1101 1711 eius
1122 1668 1308 1711 veritate
1333 1683 1548 1724 quaerens
1572 1669 1778 1712 sensisset
1803 1670 1967 1712 animis

271 1754 482 1800 humanis
499 1745 643 1797 ¹inesse
668 1768 820 1796 rerum
845 1753 1070 1806 notiones,
1107 1769 1220 1810 quae
1247 1753 1294 1796 in
1318 1759 1528 1810 perpetua
1552 1769 1788 1811 corporum
1820 1754 1967 1812 agita*

272 1841 394 1885 tione·
429 1844 474 1884 et
501 1839 806 1883 vicissitudine
843 1839 1023 1882 eaedem
1056 1853 1229 1895 semper-
1267 1844 1498 1883 manerent
1523 1840 1844 1896 pristinamque
1875 1841 1966 1883 for-

271 1940 393 1970 mam
416 1940 468 1969 ac
492 1925 685 1981 speciem
707 1938 833 1967 suam
853 1927 1103 1967 constanter
1126 1929 1377 1978 tuerentur,
1407 1925 1552 1980 coepit
1570 1925 1726 1967 exinde
1748 1925 1964 1982 suspicari

271 2016 318 2056 et
338 2011 554 2068 colligere
574 2025 670 2053 esse
690 2009 860 2065 aliquid
873 2041 886 2062 ,
916 2010 1034 2064 quod
1058 2009 1414 2054 immutabilibus
1444 2011 1536 2053 illis
1557 2010 1810 2053 notionibus
1825 2042 1838 2064 ,
1867 2010 1963 2054 ani-

270 2111 346 2142 mo
365 2095 619 2153 impressis,
651 2094 774 2138 omni
793 2109 847 2137 ex
870 2098 998 2150 parte
1023 2094 1172 2138 simile
1195 2102 1308 2141 esset
1338 2110 1391 2139 ac
1414 2095 1725 2152 responderet,
1764 2096 1867 2159 hoc*
1881 2098 1963 2149 est,

271 2197 373 2228 eam
408 2183 593 2226 haberet
630 2184 862 2233 naturam,
902 2193 1016 2235 quae
1051 2181 1224 2224 nullam
1246 2195 1441 2236 unquam
1462 2180 1633 2223 subiret
1656 2180 1959 2247 mutationem.

271 2268 407 2325 Quod
427 2267 507 2310 ubi
531 2266 580 2308 in
603 2266 677 2308 his
694 2265 824 2308 terr-is
839 2266 1004 2309 frustra
1026 2265 1265 2321 anquisivit
1279 2298 1291 2318 ‚
1321 2265 1598 2312 Parmenidis
1620 2259 1785 2310 οὐσίαν
1814 2280 1963 2309 recor-

271 2354 400 2397 datus
431 2351 581 2396 animo
611 2350 737 2393 finxit
767 2354 812 2393 et
851 2350 978 2406 quasi
1015 2351 1225 2396 formavit
1251 2354 1430 2394 aeterna
1459 2350 1563 2402 illa,
1612 2349 1860 2406 simplicia,
1905 2364 1959 2394 ac

269 2432 445 2495 semper
467 2436 538 2480 sui
560 2419 728 2478 similia
747 2434 1008 2491 simulacra,
1051 2436 1106 2478 ad
1125 2449 1315 2490 quorum
1333 2435 1627 2478 imitationem
1647 2436 1761 2479 haec
1792 2435 1958 2489 omnia,

269 2538 385 2582 quae
409 2520 645 2565 mutationi
664 2524 708 2563 et
738 2520 1034 2563 vicissitudini
1061 2524 1203 2563 essent
1235 2520 1452 2573 obnoxia,
1491 2520 1616 2576 quasi
1640 2534 1844 2576 expressa
1864 2534 1961 2564 esse

270 2608 498 2656 iudicavit.
555 2607 615 2651 Et
632 2607 745 2650 haec
771 2604 950 2661 quidem
970 2605 1207 2649 simulacra
1221 2605 1349 2649 Plato
1377 2606 1534 2648 ideas
1564 2619 1598 2648 s.
1624 2606 1790 2662 species
1809 2607 1961 2663 appels-

269 2694 399 2748 lavit,
424 2693 570 2758 iisque
589 2691 743 2738 statuit
754 2691 926 2737 nullam
935 2705 1034 2751 esse
1056 2705 1159 2737 cum
1178 2691 1377 2737 sensibus
1388 2691 1767 2753 coniunctionem,
1783 2705 1958 2741 omnem

272 2876 613 2900 *nn—*n

328 2981 369 3036 *J
411 2983 554 3026 Locos
586 2981 810 3035 Platonis,
865 2981 982 3025 unde
1007 2982 1138 3026 ducta
1168 2985 1269 3026 sunt
1300 2995 1412 3037 quae
1442 2981 1744 3037 exposuimus,
1792 2981 1897 3036 quia
1924 2993 1953 3024 a

442 3040 850 3082 Tennemanno
887 3040 948 3096 Sy
951 3045 1075 3083 stem.
1115 3040 1375 3095 Philosoph.
1416 3040 1589 3082 Platon.
1629 3038 1683 3081 T.
1698 3013 1768 3080 1'1.
1809 3053 1851 3092 p.
1875 3037 1953 3079 XI.

438 3097 575 3151 praef.
599 3111 641 3150 p.
662 3094 717 3138 54
745 3110 837 3150 sqq.
866 3112 909 3151 p.
930 3097 1012 3138 124
1034 3111 1126 3152 sqq.
1159 3097 1215 3139 T.
1233 3098 1313 3139 ΙΙΙ.
1346 3112 1388 3152 p.
1410 3096 1478 3138 10.
1499 3097 1555 3138 al.
1578 3098 1620 3136 et
1641 3094 1801 3149 partim
1825 3109 1853 3136 a
1875 3108 1955 3135 no-

439 3152 511 3195 bis
532 3153 746 3208 Prolegg.
770 3154 826 3195 ad
846 3154 1021 3196 Iluleb
1055 3169 1096 3209 p.
1118 3153 1237 3196 XXI.
1264 3168 1356 3211 sqq.
1387 3152 1555 3195 laudati
1576 3156 1696 3202 sunt,
1738 3165 1824 3192 non
1836 3164 1954 3217 opus

440 3209 692 3264 putavimus
715 3209 909 3252 indicare
928 3215 973 3252 et
992 3207 1243 3262 recensere,
1281 3225 1342 3265 pr
1333 3210 1535 3251 ιθςθτῐίιιι
1564 3221 1700 3262 quum
1724 3207 1953 3250 brevitatis

440 3265 555 3307 ratio
576 3266 779 3308 habenda
803 3270 930 3311 esset.
985 3267 1084 3309 Alia
1108 3268 1253 3308 lucem
1276 3281 1400 3309 suam
1423 3265 1640 3320 accipient
1658 3278 1710 3306 ex
1731 3264 1812 3307 iis.
1843 3277 1956 3318 quae

439 3322 496 3366 ad
516 3323 828 3366 I’armcnidem
847 3323 1186 3380 disputabimus:
1230 3323 1364 3369 huius
1390 3323 1507 3373 enim
1529 3320 1699 3386 dialogi
1717 3320 1958 3370 editionem

440 3377 544 3427 inde
564 3380 623 3423 ab
645 3378 796 3436 aliquo
821 3385 1018 3436 tempore
1040 3381 1308 3438 paravimus
