2040 3646
675 159 1105 214 SYMPOSIUM.
1627 163 1731 222 125

52 319 149 371 τα,
182 297 277 371 καὶ
314 300 532 375 πρῶτον
569 293 667 374 μέν
681 340 698 371 ,
753 295 846 358 ἐὰν
880 295 1068 375 ὀρθῶς
1100 294 1314 377 ἡγῆται
1338 293 1372 356 ὃ
1406 291 1730 376 ἡγούμενος,

53 379 176 454 ἑνὸς
217 379 388 441 αὐτὸν
426 381 675 458 σώματος
714 381 841 459 ἐρᾶν
889 384 984 440 καὶ
1018 382 1259 442 ἐνταῦθα
1293 388 1487 460 γεννᾶν
1524 381 1731 460 λόγους

53 464 264 540 καλούς
278 510 294 539 ,
337 466 515 525 ἔπειτα
542 467 601 525 δὲ
625 463 796 526 αὐτὸν
826 468 1187 548 κατανοῆσαι,
1230 462 1314 525 ὅτι
1345 463 1408 524 τὸ
1439 465 1643 539 κάλλος
1665 464 1731 526 τὸ

55 548 194 609 ἐπὶ
167 554 384 633 οτῳοῦυ
409 549 618 627 σώματι
638 555 715 654 τῷ
751 551 890 610 ἐπὶ
871 551 1029 634 ετέρω
1076 550 1281 628 σώματι
1317 548 1559 628 αδελφόν
1601 552 1800 623 ἐστι,Β

55 636 150 692 καὶ
185 636 234 692 εἰ
268 638 354 694 δεῖ
388 634 603 694 διώκειν
643 633 707 693 τὸ
744 634 823 694 ἐπ’
859 638 986 695 εἴδει
1021 635 1218 707 καλόν,
1260 639 1437 713 πολλη
1464 658 1623 694 ανοια
1649 633 1726 716 μὴ
1789 652 1803 688 Τ

1419 632 1500 654 ΚΜ

55 716 165 794 οὐχ
183 719 240 778 ἕν
261 742 316 780 τε
339 719 433 776 καὶ
468 715 671 778 ταύτὸν
704 717 962 799 ἡγεῖσθαι
993 716 1058 778 τὸ
1096 720 1183 778 ἐπὶ
1214 724 1349 777 πᾶσι
1380 726 1495 790 τοῖς
1519 718 1734 794 σώιιασι

55 801 273 877 κάλλος·
338 808 504 862 τοῦτο
551 802 601 862 6'
641 803 973 885 ἐννοήσαντα
1002 808 1332 883 καταστῆναι
1366 802 1581 863 πάντων
1623 809 1735 864 τῶν,

111 977 217 1034 Cap.
249 978 448 1022 XXVIII.
501 975 604 1028 ἑνὸς
633 972 779 1022 αυτὸν
813 973 1024 1033 σώματος
1059 975 1122 1035 ἕρ.
1137 976 1154 1037 ]
1197 977 1420 1022 Bekkerus
1451 991 1504 1021 ex
1537 977 1733 1035 quinque

58 1035 182 1080 codd.
208 1030 388 1089 αὐτῶν,
415 1036 534 1093 quod
559 1036 668 1081 ferri
686 1050 774 1081 non
796 1040 952 1093 potest.
978 1050 1021 1081 v.
1048 1038 1195 1079 ιιιιιιοι.

58 1176 237 1220 Natur
261 1177 635 1221 wahrnimmt.
675 1177 743 1222 So
771 1190 864 1235 ge·-

54 1234 220 1292 langt
243 1235 326 1277 sie
347 1236 580 1278 cndlich
600 1250 662 1278 zu
680 1250 863 1278 einem

55 1290 489 1357 vollstandigen
517 1294 555 1335 Β
580 1306 655 1348 eg
680 1307 704 1335 ι·
724 1293 742 1335 i
762 1294 818 1335 ff
838 1307 864 1335 e

58 1347 248 1390 dieser
277 1363 336 1391 so
364 1350 514 1391 wohl
549 1349 654 1391 den
691 1351 862 1392 Arten

57 1405 144 1451 als
201 1405 301 1447 der
358 1406 620 1462 Gattung
677 1407 862 1448 selbst

56 1461 693 1517 gemeinschaftlichen
751 1463 863 1506 Na-

60 1525 176 1570 tur,
197 1517 362 1570 jener
390 1518 612 1575 ewigen
642 1521 748 1561 und
775 1534 864 1562 un-

56 1575 537 1619 verfinderlichen
576 1577 734 1629 Idee,
778 1576 864 1618 die

59 1631 190 1675 eine
227 1633 333 1674 und
370 1633 646 1689 dieselbe,
678 1634 733 1675 in
773 1633 864 1675 al-

57 1689 150 1731 len
178 1689 310 1732 ism«
375 1691 531 1744 Itaque
561 1691 757 1733 Diotima
776 1689 866 1745 pri-

57 1759 181 1787 mum
196 1745 258 1788 ait
273 1745 532 1789 initiationis
542 1747 663 1789 illius
677 1748 866 1803 gradum

58 1817 181 1854 esse,
210 1816 296 1856 quo
323 1804 376 1845 ad
400 1817 536 1845 umun
559 1817 638 1846 nos
669 1804 862 1859 applice-

57 1873 158 1902 mus
187 1874 355 1926 corpus
370 1861 689 1914 pulcritudine
678 1861 891 1916 insignes

59 1931 114 1958 ex
142 1930 282 1971 coque
315 1915 521 1959 virtutem
557 1923 600 1959 et
648 1920 866 1959 bonorum

60 1987 314 2017 sermonum
330 1974 516 2015 fructum
529 1988 758 2029 procreare
775 1980 866 2016 stu-

58 2031 254 2075 deamus.
318 2030 567 2072 Secundum
607 2045 703 2073 esse
732 2031 867 2082 hunc,

60 2091 111 2129 ut
129 2101 216 2129 non
234 2101 370 2128 unum
387 2087 564 2141 aliquod
581 2102 736 2142 corpus
746 2101 867 2130 ame-

58 2158 182 2195 mus,
213 2144 287 2185 sed
308 2143 480 2195 omnia,
509 2158 622 2198 quae
647 2144 866 2186 emineant

58 2199 367 2256 pulcritudine,
388 2215 572 2255 corpora
586 2215 735 2242 amore
747 2213 868 2242 com-

59 2258 319 2312 plectamur.
350 2258 470 2299 Tum
499 2257 868 2313 progrediendum

62 2328 158 2357 esse
181 2313 235 2355 ad
261 2315 594 2356 consectandum
615 2315 751 2357 animi
770 2315 867 2369 pul-

62 2370 350 2422 critudinem,
386 2384 489 2425 prae
534 2385 622 2426 qua
673 2370 868 2426 corporis

63 2429 207 2470 forma
243 2428 419 2469 omnino
457 2429 770 2483 contemnenda
797 2427 866 2479 sit,

66 2490 199 2539 atque
238 2484 284 2527 id
313 2483 556 2540 agendum,
601 2492 649 2528 ιιι
683 2483 796 2539 quod
821 2483 866 2526 in

63 2541 287 2593 moi-ihm,
314 2541 512 2595 legibus,
536 2541 747 2584 institutis
770 2542 869 2596 pul-

64 2612 188 2640 crum
213 2598 295 2649 sit,
332 2598 376 2639 id
403 2598 773 2640 animadvertatur
803 2603 871 2640 at-

63 2669 150 2709 que
171 2654 396 2710 diligatur.
427 2656 626 2709 Denique
649 2654 871 2709 perveniri

64 2712 121 2754 ad
145 2711 384 2766 sapientiae
407 2717 539 2765 atque
565 2711 870 2766 philosophiae
935 2711 1031 2766 §6

65 2768 260 2813 ειιιιΙίιι-ιιι
280 2774 323 2809 et
348 2781 570 2820 amorem,
600 2782 686 2822 quo
708 2769 783 2822 qui
803 2769 870 2809 in-

66 2824 187 2866 censi
202 2823 302 2878 sint,
331 2838 404 2866 eos
423 2825 601 2874 demum
624 2825 687 2867 ait
709 2824 872 2867 intueri

64 2880 374 2937 pulcritudinis
423 2894 576 2933 verae,
619 2881 872 2932 constantis,

64 2943 196 2992 atque
255 2943 460 2980 aeternae
523 2937 718 2980 divinam
783 2939 872 2979 for-

65 3008 184 3036 mam
215 2999 347 3048 atque
367 2992 620 3049 imaginem.
677 2995 731 3037 cf.
757 2994 873 3037 infra

63 3066 105 3106 Ρ
128 3050 226 3093 211.
257 3052 305 3093 C.

123 3105 278 3151 ἔπειτα
309 3104 359 3150 δὲ
389 3102 533 3150 αὐτὸν
560 3107 870 3163 κατανοῆσαι]

66 3163 263 3207 Pendeat
283 3164 394 3206 haec
421 3177 447 3205 a
471 3165 606 3206 verbo
633 3165 715 3210 δεῖ.
773 3165 874 3207 Ma-

12 3219 148 3278 lim
169 3226 315 3263 tamen
338 3219 497 3263 scribi.
528 3219 682 3265 ἔπειτα
702 3222 772 3266 δεῖ
790 3216 873 3266 αὖ·

66 3272 148 3319 τὸν
168 3293 232 3328 κ.,
262 3283 311 3320 ιιι
333 3282 431 3333 post
457 3275 625 3328 καλούς
645 3279 787 3322 maior
804 3279 872 3321 in-

11 3331 26 3355 *
66 3333 309 3389 tei-punctio
356 3333 385 3375 s
391 3339 452 3378 at
509 3333 705 3377 offendit
753 3336 872 3378 enim

66 3390 299 3446 repetitum
337 3386 480 3437 αὐτόν
507 3393 642 3437 serbo
659 3407 746 3439 nou
763 3393 872 3438 item

925 1172 1126 1234 repetito.
1181 1171 1336 1232 Neque
1369 1173 1505 1220 etiam
1528 1175 1634 1219 ferri
1660 1189 1737 1233 po-

925 1240 1011 1278 test
1041 1233 1158 1289 quod
1192 1235 1476 1277 Bekkerus
1515 1241 1644 1277 antea
1684 1246 1738 1277 ex

927 1292 1096 1359 aliquot
1117 1291 1242 1333 codd.
1265 1291 1428 1345 recepit
1453 1287 1553 1340 ἑνὸς
1581 1288 1738 1334 αὐτῶν

928 1347 1138 1403 σώματος
1165 1344 1290 1414 ἐρᾶν,
1321 1348 1526 1390 videlicet
1548 1353 1597 1390 ut
1621 1349 1738 1389 mol-

924 1406 1030 1447 liret
1057 1404 1191 1452 huius
1229 1402 1472 1446 iterationis
1515 1405 1737 1447 duritiem.

928 1462 1040 1516 Quis
1062 1461 1178 1502 enim
1207 1461 1412 1503 concedet
1440 1460 1550 1503 illud
1585 1457 1739 1504 αὐτῶν

926 1517 1086 1560 referri
1107 1518 1333 1560 commode
1356 1532 1517 1573 posse
1507 1518 1561 1560 ad
1578 1514 1636 1561 τὰ
1656 1534 1740 1561 κα-

928 1572 984 1618 λὰ
1010 1587 1214 1629 σωματα,
1243 1574 1306 1616 ita
1328 1581 1377 1616 ut
1393 1575 1606 1618 sententia
1625 1576 1740 1617 haec

929 1633 1012 1675 sit:
1042 1646 1103 1674 ex
1131 1630 1317 1687 pulei·
1304 1644 1350 1672 is
1387 1631 1515 1673 illis
1546 1646 1741 1687 corpo-

929 1689 1118 1740 ribus,
1157 1688 1223 1730 ad
1260 1702 1405 1754 q-uae
1443 1688 1566 1755 qtuis
1605 1703 1741 1731 con-

931 1745 1259 1800 templanda
1287 1745 1517 1787 invenis
1548 1760 1740 1787 acces-

930 1802 1096 1853 serit,
1129 1815 1296 1843 ιιιιιιιιι
1322 1801 1487 1843 deind
1503 1816 1527 1844 e
1553 1816 1634 1844 am
1652 1816 1741 1844 an-

931 1860 1055 1900 dum
1085 1873 1172 1900 ess
1190 1873 1243 1900 e.
1225 1858 1249 1888 ‘l
1306 1858 1526 1901 Nimirum
1550 1874 1619 1900 res
1644 1859 1742 1913 ipsu.

930 1916 1123 1971 postulat
1154 1914 1323 1966 καλοῦ,
1372 1916 1484 1969 qnod
1523 1915 1652 1957 facile
1686 1929 1739 1957 cx

930 1970 1228 2039 superioribus
1266 1971 1534 2027 cogitatione
1563 1972 1742 2015 addide-

927 2028 1012 2080 ris3
1045 2027 1289 2085 genitivum
1307 2028 1579 2083 partitionis,
1609 2043 1742 2083 quem

929 2090 1102 2138 vocant,
1125 2098 1302 2139 prorsus
1320 2099 1366 2126 as
1370 2100 1445 2138 pei
1449 2091 1590 2136 natur,
1620 2091 1740 2127 tanto

929 2143 1074 2185 minus
1091 2141 1468 2193 fmudumillum,
1491 2143 1603 2196 quod
1617 2142 1743 2184 addi-

930 2206 1024 2241 tum
1035 2204 1101 2241 est
1114 2196 1331 2266 σώματος.
1358 2198 1533 2239 Etenim
1557 2199 1743 2253 scriptor

931 2256 1040 2311 ipse,
1069 2255 1107 2297 si
1128 2253 1183 2297 ad
1197 2251 1255 2298 τὰ
1273 2251 1388 2298 uoci-oc
1408 2251 1597 2308 σώματα
1616 2257 1744 2311 paul-

911 2314 975 2355 ‘lo
1003 2317 1102 2355 ante
1126 2318 1368 2354 memorata
1397 2326 1467 2353 res
1449 2309 1558 2367 spici
1575 2312 1743 2355 voluis-

930 2377 1024 2422 set,
1036 2370 1228 2440 ΡιοοιιΙ
1225 2368 1361 2411 dubio
1386 2368 1624 2424 scripturus
1645 2371 1742 2411 fne-

930 2431 1000 2468 lat
1031 2422 1135 2475 ἑνὸς
1170 2420 1323 2469 αὐτῶν
1346 2423 1484 2492 ἐρᾶν,
1515 2440 1600 2468 non
1637 2424 1743 2476 ἑνὸς

933 2478 1087 2526 αὐτῶν
1116 2483 1196 2536 (sc.
1220 2499 1311 2526 των
1325 2481 1475 2527 καλων
1498 2479 1743 2539 σωμάτων)

933 2553 1142 2593 σωματος
1167 2537 1289 2612 ἐρᾶν.

988 2599 1041 2640 Β.
1071 2597 1136 2654 τῷ
1158 2593 1271 2639 ἐπι
1257 2612 1321 2639 ετι
1306 2593 1392 2653 ὖρῳ
1417 2590 1592 2650 σώματι
1615 2591 1744 2640 ἐδελ-

936 2639 1212 2753 φόνέῧΗξὶθ.
1243 2648 1420 2709 ὅμοιον.
1461 2667 1503 2698 v.
1537 2652 1742 2697 Matth.

991 2766 1068 2810 uoci
1096 2767 1137 2810 εἰ
1171 2766 1240 2810 δεῖ
1274 2762 1454 2810 διώκειν
1481 2790 1509 2799 -
1549 2762 1755 2821 καλλος]

934 2823 1190 2868 Aretissime
1219 2824 1330 2866 haec
1365 2836 1465 2864 cum
1501 2822 1554 2864 iis
1585 2839 1746 2864 ‹tonne-

937 2881 1074 2923 utenda
1077 2895 1091 2923 ι
1109 2883 1221 2931 sunt,
1241 2895 1309 2934 qm
1301 2895 1351 2922 ie
1367 2894 1429 2934 pra
1420 2894 1469 2920 «w
1474 2882 1630 2922 cedunt
1643 2895 1746 2934 pro-

935 2938 1082 2989 xime,
1119 2936 1246 3004 quasi
1266 2937 1477 2990 sciiptum
1507 2951 1572 2977 es
1555 2942 1622 2978 set
1655 2937 1745 2980 hoc

935 2995 1090 3037 modo:
1113 2993 1199 3062 ,310st
1220 2987 1306 3045 ὅτι,
1341 2993 1383 3035 εἰ
1414 2994 1484 3035 δεῖ
1503 2991 1745 3060 διώκειν-,

936 3046 1078 3105 πολλὴ
1105 3045 1242 3093 livet&
1266 3047 1357 3092 ἐστι
1377 3045 1438 3103 μή
1464 3044 1547 3104 οὐχ
1573 3047 1620 3092 ἕν
1638 3065 1676 3093 κ.
1702 3066 1742 3095 τ.

937 3109 974 3152 λ.
1019 3108 1170 3175 Neque
1190 3112 1331 3149 tamen
1358 3106 1649 3149 necessarium
1662 3113 1743 3161 est,

938 3171 988 3208 ut
1036 3159 1108 3207 ὅτι
1138 3169 1422 3227 repetatur3
1432 3161 1522 3204 imo
1556 3163 1746 3217 scriptor

937 3235 1040 3264 usus
1073 3226 1137 3262 est
1171 3221 1319 3275 paullo
1354 3210 1563 3260 liberiore
1590 3219 1747 3266 forma

937 3277 1172 3328 orationis,
1210 3277 1317 3318 huic
1346 3275 1558 3318 sermonis
1591 3276 1746 3332 generi

937 3334 1173 3378 admodum
1208 3333 1549 3377 accommodata.
1621 3333 1747 3375 llaec

938 3396 1086 3437 antem
1106 3389 1144 3435 si
1163 3404 1265 3435 vere
1295 3390 1545 3436 monuimus
1559 3421 1572 3441 ‚
1601 3390 1746 3435 maui-

1936 2760 2029 2820 Ρῖῇι,
