2040 3646
76 1190 423 1238 EDITIONUM
491 1192 790 1236 PLATONIS
845 1192 1241 1247 ALIORUMQUE
1297 1190 1757 1238 PRAESIDIORUM

407 1278 793 1324 CRITICORUM
820 1279 901 1322 ET
929 1276 1426 1322 EXEGETICORUM.

75 1656 177 1702 Ala
187 1656 205 1700 ἰ
213 1669 283 1700 na
308 1653 460 1703 editio.
488 1655 642 1701 Venet.
676 1655 803 1701 1513.
841 1643 919 1699 fol}
942 1653 988 1699 in
1019 1669 1107 1712 qua
1139 1645 1333 1699 curanda
1358 1654 1530 1699 Aldus
1557 1654 1683 1701 Man
1693 1671 1758 1702 u·-

185 1734 306 1779 tius
334 1748 442 1779 avus
468 1748 574 1779 usus
596 1739 663 1779 est
699 1733 886 1778 consilio
922 1738 967 1778 et
990 1747 1123 1791 opera
1148 1733 1335 1777 Marci
1361 1734 1559 1778 Musur
1575 1734 1593 1778 i
1621 1736 1759 1779 Cro-

187 1817 206 1855 t
215 1827 240 1854 c
250 1826 280 1854 u
290 1812 335 1855 si
347 1826 382 1856 s.
1125 1799 1128 1803 ¹

77 1890 270 1933 Basile
282 1889 435 1933 ensis
462 1890 498 1933 1.
542 1904 576 1934 ει.
616 1888 973 1933 Valderiana.
1002 1888 1106 1933 Bas.
1124 1886 1251 1931 1534.
1277 1886 1353 1932 fol.
1376 1887 1450 1931 cui
1473 1889 1758 1945 praefuemnt

188 1965 227 2010 0
239 1982 268 2023 p
280 1965 363 2010 ori
373 1981 403 2009 n
413 1948 443 2009 u
454 1981 475 2009 s
514 1971 558 2010 et
586 1967 659 2010 Gr
667 1981 736 2024 yn
749 1980 777 2010 a
787 1980 852 2009 eu
864 1980 899 2010 s.
956 1960 1104 2009 Ducta
1145 1969 1212 2008 cst
1252 1979 1307 2008 ex
1341 1964 1503 2009 Aldina
1539 1970 1759 2024 exemplo,

184 2043 342 2087 multis
363 2047 511 2086 tamen
532 2043 643 2087 locis
665 2043 844 2087 mutatis
859 2075 873 2097 ,
907 2043 1074 2099 passim
1099 2043 1235 2086 etiam
1258 2043 1491 2099 corruptis.
1549 2045 1759 2088 Accesse-

185 2125 293 2164 runt
328 2121 528 2164 Procli
557 2136 580 2163 c
595 2136 620 2164 o
634 2135 735 2163 mm
747 2119 962 2165 entarii
998 2119 1046 2162 in
1076 2112 1314 2164 Timaeum
1352 2125 1397 2163 et
1424 2120 1565 2165 libros
1604 2121 1659 2165 de
1685 2137 1759 2167 re·-

189 2197 390 2254 pubfica,
429 2211 458 2241 a
485 2198 637 2255 Gryn
650 2211 710 2241 ae
722 2211 749 2241 o
777 2211 830 2240 ex
858 2197 982 2240 codd.
1013 2195 1334 2240 oxoniensibus
1362 2197 1584 2255 descripti.
1638 2194 1641 2199 ’

78 2275 241 2319 Βαείῑ
253 2289 349 2318 een
361 2275 440 2318 sis
467 2275 524 2317 11.
554 2289 589 2317 s.
620 2275 1003 2332 Hopperiana.
1031 2275 1132 2318 Bas.
1163 2273 1290 2318 1556.
1318 2274 1392 2318 fol.
1423 2289 1536 2331 quae
1564 2275 1756 2334 insignis

90 2360 93 2362 ·
189 2355 257 2395 ost
294 2350 446 2395 multis
483 2352 749 2396 lectionibus
798 2351 924 2396 novis
969 2356 1014 2396 et
1048 2352 1360 2409 peculiaribus.
1427 2353 1610 2397 curavit
1656 2368 1756 2398 eam

188 2428 242 2471 Μ
254 2442 313 2472 ar
325 2426 425 2472 cus
451 2430 499 2472 H
511 2444 537 2473 o
551 2445 616 2486 pp
632 2442 791 2484 erus,
847 2428 925 2486 qni
965 2442 1071 2473 usus
1111 2434 1178 2472 est
1205 2427 1343 2485 copiis
1383 2427 1757 2477 Afn'oldi'Ar-

30 2503 32 2506 ’
87 2514 92 2518 ”
186 2505 334 2549 lenii
347 2537 362 2559 ‚
389 2507 597 2563 plurium·
613 2507 815 2550 codicum
842 2506 1077 2550 collatione
1104 2504 1381 2563 comparatis.

78 2582 115 2627 S
121 2588 141 2628 t
150 2597 210 2640 ep
222 2583 252 2627 h
263 2597 292 2626 a
300 2599 330 2626 π
340 2584 395 2627 ia
407 2598 437 2626 n
447 2597 489 2630 α.
518 2585 659 2629 Paris.
674 2582 798 2629 1578.
809 2585 887 2628 fol.
900 2585 967 2628 111
978 2585 1149 2628 volum.
1171 2599 1273 2627 cnm
1293 2584 1580 2629 translatione
1593 2587 1757 2632 Latina

188 2659 214 2703 1
234 2673 261 2703 o
285 2674 314 2705 a
329 2675 359 2704 ιι
377 2675 420 2704 ιι.
451 2661 484 2705 S
504 2676 529 2705 e
547 2677 571 2704 ι·
587 2677 612 2705 ι·
631 2676 658 2706 a
675 2662 740 2705 ni
775 2666 820 2705 et
846 2662 1126 2706 annotatione
1162 2650 1317 2706 critica'
1350 2656 1588 2706 Henrici
1629 2664 1758 2708 Ste-

190 2738 263 2794 ph
273 2737 364 2781 ani
376 2769 391 2792 ‚
447 2739 526 2794 qui
551 2739 766 2796 plurimos
792 2740 914 2783 locos
943 2739 1204 2797 castigavit,
1254 2753 1360 2783 usus
1387 2741 1459 2782 vel
1487 2727 1582 2784 sola
1609 2742 1759 2786 conie-

191 2818 317 2858 ctum
330 2846 345 2868 ‚
398 2817 470 2859 vel
502 2816 724 2872 prioribus
769 2817 1034 2861 editionibus
1073 2822 1118 2861 et
1144 2816 1289 2860 Ficini
1316 2817 1602 2862 translatione
1612 2818 1645 2873 ‚'
1682 2820 1759 2863 vel

192 2891 386 2934 oliorum
426 2893 680 2937 criticorum
720 2894 1120 2950 observationibus,
1143 2876 1147 2884 Δ
1175 2893 1223 2938 in
1262 2895 1417 2951 primis
1454 2895 1513 2940 Ia
1523 2896 1580 2941 ni
1616 2892 1653 2940 C
1667 2911 1693 2941 o
1703 2912 1758 2941 r-

187 2979 219 3011 ιι
230 2982 258 3012 ιι
267 2982 291 3010 ι·
302 2967 359 3012 ii.

244 3046 373 3088 Hanc
404 3045 708 3104 emi-esserunt
734 3046 869 3093 editio
912 3048 1033 3107 Lug
1047 3048 1220 3093 dunen
1233 3049 1314 3093 sis
1350 3063 1384 3092 s.
1417 3050 1457 3093 L
1469 3050 1723 3094 aemaria
1735 3074 1759 3086 -

190 3135 259 3166 na
270 3155 284 3176 ‚
310 3137 423 3180 quae
451 3126 614 3181 prodiit
630 3125 753 3171 1590.
774 3128 850 3171 fol.
864 3159 878 3181 ‚
907 3132 951 3172 et
987 3129 1051 3171 W
1052 3142 1106 3171 ec
1116 3129 1146 3171 Ιι
1158 3129 1204 3171 el
1218 3128 1313 3171 ian
1325 3142 1366 3171 a.
1394 3127 1596 3171 Fraucof.
1627 3127 1757 3171 1602.

187 3199 265 3246 fol.
279 3237 291 3256 ‚
321 3214 434 3257 quae
457 3202 629 3246 nullum
649 3204 816 3250 habent
842 3219 974 3248 usum
1001 3204 1219 3251 criticum.
1275 3205 1367 3248 Nec
1396 3204 1626 3248 translatio
1654 3206 1693 3248 F
1706 3205 1723 3248 i
1736 3229 1760 3240 -

193 3277 246 3320 ci
257 3292 286 3320 n
297 3277 314 3321 ἰ
327 3311 342 3332 ,
394 3292 527 3336 quam
556 3280 803 3338 continent,
853 3296 1068 3342 germana
1094 3287 1161 3329 ost
1171 3315 1187 3341 ,
1230 3282 1309 3328 ned
1335 3281 1488 3327 multis
1516 3281 1628 3326 locis
1656 3295 1759 3326 mu-

90 3362 94 3365 ’
188 3358 282 3401 tata
309 3363 354 3404 ct
379 3357 655 3416 interpolata.
1640 3354 1644 3358 ”
