2040 3646
286 172 392 230 206
944 130 1310 222 PLA‘roms

291 307 482 386 ἔγωγε,
526 325 572 362 ω
551 289 989 380 ς’Σίιῦκρατει3,”
959 327 1036 364 en
1068 300 1231 384 ἥλιον
1256 301 1393 368 εἶναι
1426 307 1515 369 ἐπὶ
1542 313 1661 384 τοῖς
1701 308 1856 391 ὄρεσι
1890 314 1987 373 καὶ

294 388 454 450 οὔπω
477 387 783 447 δεδυκὲναι.
867 389 962 447 καὶ
996 385 1110 467 ἅμα
1151 387 1255 472 ἐγώ
1294 389 1421 453 οἶδα
1456 396 1552 453 καὶ
1587 392 1796 470 ἄλλους
1833 398 1986 459 πάνυ

295 473 402 547 ὀψὲ
426 473 684 546 πίνοντας
699 515 715 546 ,
758 471 977 534 ἐπειδὰν
1002 480 1360 557 παραγγελθῇ
1394 476 1619 553 αὐτοῖς,
1655 481 1994 562 δειπνήσαν-·

293 558 393 632 τάς
413 578 470 618 τε
489 559 585 618 καὶ
605 556 832 631 πιόντας
857 581 922 618 ευ
948 558 1117 637 μάλα,
1158 562 1253 621 καὶ
1279 560 1778 643 ξυγγενοιιένους’
1729 589 1764 645 γ
1803 567 1986 640 ἐνίους

296 667 379 705 ων
403 641 472 703 ἂν
497 642 739 721 τύχωσιν
768 643 1185 722 ἐπιθυμοῦντες.
1240 644 1380 707 αλλα
1415 651 1586 730 μηδὲν
1623 650 1858 730 ἐπείγου·
1911 652 1988 711 ἔτι

292 727 405 810 γὰρ
426 729 658 808 ἐγχωρεῖ.
745 725 927 788 Καὶ
897 752 931 788 ο
961 731 1297 812 Σωκράτης,
1351 733 1600 807 Εἰκότως
1625 732 1698 814 γ’,
1745 736 1988 816 ε’φη,ω
1923 789 1928 793 .

297 815 549 893 Κρίτων,
617 813 813 873 ἐκεῖνοί
843 836 900 873 τε
935 821 1111 876 ταῦτα
1156 823 1453 893 ποιοῦσιν,
1535 815 1642 893 οὓς
1676 817 1753 879 σύ
1796 821 1986 899 λέγεις,

296 901 507 960 οἴονται
547 896 652 978 γὰρ
707 902 987 976 κερδανεῖν
1036 907 1212 962 ταῦτα
1254 902 1608 984 ποιήσαντες,
1676 906 1771 963 καὶ
1825 906 1988 984 ἔγωγε

201 1026 205 1035 »
298 990 474 1045 ταῦτα
509 983 731 1057 εἰκότως
769 982 844 1044 οὐ
868 985 1101 1066 ποιήσω·
1158 985 1330 1049 ουδεν
1362 1012 1467 1068 γαρ
1502 985 1654 1066 οἶμαι
1683 991 1987 1068 κερδαίνειν

154 1070 278 1130 117
298 1068 488 1176 ὀλίγον
552 1065 787 1147 υστερον
848 1068 992 1130 πιων
1057 1069 1195 1132 ἀλλο
1248 1097 1306 1152 γε
1366 1070 1408 1153 ἢ
1459 1074 1666 1152 γέλωτα
1718 1072 1988 1155 ὀφλήσειν

297 1153 428 1234 παρ’
450 1154 668 1258 ἐμαυτῷ
684 1197 700 1227 ,
742 1154 1059 1233 γλιχόμενος
1080 1162 1188 1216 τοῦ
1209 1160 1309 1239 ζῆν
1333 1159 1441 1216 καὶ-
1462 1157 1787 1235 φειδόμενος
1821 1157 1988 1218 οὐδε-

298 1239 397 1314 νὸς
441 1236 572 1300 ἔπ’
549 1235 725 1313 όντος.
792 1235 910 1298 αλλ’
944 1242 1057 1314 ἴθι,
1126 1242 1274 1323 ἔφη,
1331 1244 1540 1302 πείθου
1576 1244 1671 1302 καὶ
1703 1241 1780 1323 μὴ
1810 1241 1989 1317 ἄλλως

297 1327 458 1387 ποίει.

471 1407 636 1489 Cap.
682 1409 912 1470 LXVI.
1000 1411 1121 1470 Καὶ
1169 1409 1203 1470 6
1244 1411 1466 1488 Κρίτων
1516 1409 1766 1484 ακούσας
1801 1409 1988 1472 ενευσε

298 1498 376 1554 τῶ
398 1494 555 1554 παιδὶ
581 1495 819 1573 πλησίον
853 1494 1056 1553 ἑστῶτι.
1110 1497 1205 1554 καὶ
1242 1494 1275 1555 6
1306 1504 1438 1569 παῖς
1476 1494 1710 1567 {gemm
1745 1498 1839 1555 καὶ
1877 1511 1983 1556 συ-

298 1555 432 1657 χνόν
455 1576 657 1684 γρόνον
691 1579 981 1656 διατρίψας
1015 1573 1148 1660 ἧκεν
1175 1578 1322 1660 ἄγων
1356 1579 1453 1641 τὸν
1486 1582 1752 1658 μέλλοντα
1792 1580 1989 1641 δωσειν

299 1662 367 1724 τὸ
393 1663 718 1742 φάρμακον,
761 1663 818 1723 ἐν
842 1662 1028 1724 κύλικι
1067 1665 1309 1744 φέροντα
1347 1667 1707 1751 τετριμμένον.
1765 1663 1898 1726 ἰδων
1923 1667 1984 1724 δὲ

300 1747 337 1810 6
363 1747 671 1830 Σωκράτης
690 1744 787 1809 τὸν
816 1746 1133 1828 ανθρωπον,
1158 1746 1320 1825 Εἶεν,
1362 1751 1488 1832 ἔφη,
1528 1752 1574 1812 ὠ
1596 1751 1862 1829 βέλτιστε,
1906 1748 1984 1810 σύ

358 1968 439 2018 ἐπὶ
459 1970 559 2022 τοῖς
578 1964 734 2043 ὄρεσι]
766 1970 842 2015 Sic
862 1971 972 2016 libri
992 1973 1134 2017 ferme
1156 1987 1327 2018 omnes.
1378 1974 1524 2031 Vulgo
1550 1971 1599 2018 ἕν
1618 1972 1718 2024 τοῖς
1736 1967 1876 2032 ὄρεσι.

301 2024 542 2144 σὺοέἓγειὶιὲ
542 2027 712 2086 λέγεις]
742 2027 819 2074 sio
838 2030 1004 2086 optime
1031 2031 1140 2075 libri
1160 2046 1266 2077 mss.
1294 2046 1397 2076 cum
1428 2032 1532 2075 edit.
1553 2033 1657 2078 Bas
1689 2030 1735 2078 2.
1781 2030 1925 2088 Vulgo
1956 2023 1990 2074 ἃ

357 2161 494 2223 οἶμαι
513 2163 801 2224 κερδαίνειν]
831 2163 885 2207 In
910 2163 1042 2209 Bodl.
1059 2165 1404 2223 superscriptum
1426 2169 1494 2210 est
1514 2166 1767 2226 κερδανεῖν.

355 2245 530 2289 πείθου
550 2241 632 2288 καὶ
653 2240 716 2299 μὴ
740 2242 799 2298 -]
847 2242 1030 2300 Aliquot
1063 2244 1173 2289 libri
1201 2245 1380 2298 πιθοῦ,
1419 2247 1465 2289 et
1488 2240 1552 2302 μὴ
1584 2238 1695 2289 ἄλλο
1722 2243 1862 2288 ποίει

298 2396 354 2446 δ
344 2339 646 2411 C'ap.LXV1.
702 2335 787 2387 τὸν
804 2339 1034 2399 μέλλοντα
1057 2339 1253 2402 δαίσειν]
1290 2343 1394 2388 Bas.
1416 2342 1459 2390 2.
1489 2347 1533 2389 et
1564 2341 1688 2390 codd.
1710 2341 1892 2400 quidam
1921 2339 1991 2385 aa·

330 2414 454 2446 οναι.

298 2601 479 2651 runnu,
508 2600 555 2641 et
573 2595 724 2654 paullo
745 2601 843 2656 post
877 2597 933 2654 de
968 2598 1114 2644 carni-
1175 2598 1316 2644 ratius
1335 2596 1570 2643 definiatur
1591 2597 1806 2643 sententia
1819 2596 1987 2641 formu

297 2654 396 2698 fiee.
467 2655 720 2700 'terebatur
769 2651 921 2701 autem
959 2667 1111 2700 semen
1174 2658 1247 2701 lae
1268 2655 1429 2711 ὀφλεῖν
1449 2654 1636 2712 γε’λὼτα,
1651 2666 1786 2712 quam
1814 2658 1986 2699 constat

297 2712 493 2765 cicutae,
519 2717 570 2755 ιιι
595 2727 751 2756 succus
777 2714 1112 2769 exprimeretur.
1174 2714 1429 2770 significare
1464 2729 1488 2756 r
1500 2714 1515 2756 i
1529 2722 1642 2756 sum
1671 2714 1699 2755 d
1710 2723 1737 2755 ο
1746 2714 1776 2756 b
1790 2724 1846 2754 er
1857 2720 1884 2753 e
1909 2711 1982 2755 vol

298 2783 341 2812 v.
370 2770 456 2812 Pli
467 2783 511 2812 ιι.
534 2770 593 2813 H.
619 2769 673 2814 N.
696 2771 831 2814 XXV.
855 2771 925 2814 13.
1173 2784 1202 2814 ιι
1215 2771 1279 2813 li·
1267 2786 1282 2813 1
1293 2785 1313 2813 s
1353 2772 1425 2813 vel
1466 2786 1486 2813 s
1497 2771 1513 2813 i
1524 2771 1807 2826 bi.1taque
1844 2778 1983 2824 prope

355 2827 408 2868 Ε.
437 2825 517 2870 καὶ
537 2827 659 2882 ξυγγ.
661 2831 684 2880 ]
709 2829 851 2871 Recte
874 2828 906 2871 S
917 2832 971 2871 te
980 2843 1007 2884 p
1017 2827 1051 2870 h
1061 2842 1111 2872 u-
1172 2827 1470 2877 necessarium
1500 2832 1616 2881 erut,
1668 2831 1719 2870 ut
1747 2826 1981 2870 adderetur

297 2896 427 2926 nus.
466 2885 772 2939 etquidem
799 2886 1108 2929 nonnullos
1171 2882 1283 2942 παρ’
1310 2874 1558 2944 ἔμαυτῷῐι.
1576 2900 1617 2928 e:
1638 2884 1978 2928 animomeo

298 2939 389 2984 sui
401 2954 421 2982 s
450 2954 569 2983 amo
583 2942 675 2984 rib
688 2956 716 2984 u
729 2957 749 2984 s
783 2957 811 2998 p
825 2956 850 2984 ο
863 2948 881 2984 ι
894 2942 1019 2985 ὶιοε.
1174 2943 1274 2997 Quo
1308 2943 1422 2985 facto
1458 2929 1742 2985 manifestum
1766 2945 1834 2983 est
1881 2950 1982 2981 sen-

358 2992 496 3041 οὗδεν
522 2995 614 3065 γὰρ
649 2994 779 3052 οἶμαι
820 2999 1104 3067 κερδαίνειν]
1132 3029 1151 3043 s
1171 2999 1356 3042 tentiam
1391 3014 1488 3042 esse
1523 3000 1662 3042 hanc·
1717 3013 1745 3053 p
1757 3001 1814 3039 ιιι
1827 3011 1853 3039 ο
1895 3008 1943 3038 ιιι
1953 3009 1981 3037 ο

298 3054 369 3097 De
396 3054 484 3096 hoc
519 3054 729 3097 infinitiu·
746 3056 994 3135 'praesentis
1022 3070 1107 3099 usu
1172 3069 1197 3098 ο·
1209 3056 1225 3098 i
1237 3070 1300 3098 cu
1313 3062 1365 3099 ιιι
1394 3057 1595 3112 paullo
1621 3071 1648 3111 p
1660 3069 1687 3097 ο
1699 3061 1748 3099 st
1773 3055 1804 3096 b
1816 3054 1982 3097 iben-

299 3125 341 3153 ν.
383 3111 440 3154 ad
467 3111 634 3155 Criton.
676 3127 718 3168 p.
746 3112 815 3156 02.
853 3114 902 3156 C.
971 3113 1025 3156 (le
1055 3126 1106 3155 re
1171 3112 1234 3156 da
1293 3113 1449 3155 nihil
1513 3111 1743 3155 lucrari
1815 3107 1978 3154 uliud

296 3168 396 3222 ipsa
433 3173 583 3210 autem
634 3169 894 3212 Antonin.
923 3170 998 3213 IV.
1033 3169 1104 3213 47.
1169 3169 1291 3212 nisi
1318 3171 1449 3223 hoc,
1477 3168 1830 3212 utmihimet
1858 3165 1974 3222 ipsi

295 3223 450 3292 ibique
478 3226 744 3269 Gataker.
775 3250 804 3258 -
836 3227 944 3269 Mox
967 3228 1106 3271 verba
1170 3226 1456 3270 ridiculus
1484 3227 1708 3269 videar.

293 3295 391 3339 παρ
393 3276 606 3341 ’ἐμαυτῷ
638 3297 710 3325 ne
723 3282 865 3327 otiosa
893 3298 990 3326 esse
1021 3297 1105 3339 pu-
1225 3285 1331 3341 Gap.
1356 3283 1508 3327 LXVI.
1566 3281 1671 3332 εἶεν,
1701 3280 1808 3350 ἔφη,
1836 3273 1874 3325 ὦ
1899 3279 1940 3337 β.
1956 3279 1978 3335 ]

293 3340 383 3390 tes,
421 3325 586 3384 addita‘
590 3344 692 3384 sunt
709 3339 815 3394 ina,
857 3355 947 3398 quo
969 3354 1102 3387 accu-
1168 3301 1318 3400 (ξιιοιὶΡ
1328 3341 1439 3385 He'
1425 3355 1441 3384 1
1452 3355 1481 3385 n
1492 3340 1555 3385 do
1569 3340 1644 3385 rf
1630 3355 1647 3384 ι
1663 3354 1692 3384 u
1705 3354 1726 3384 ι
1753 3339 1843 3391 ait,
1885 3334 1979 3382 εἷεν
