2040 3646
272 168 454 217 xxxvl

273 311 470 372 speciem
489 309 533 355 et
549 301 901 353 similitudinem.
956 296 1070 349 Nam
1089 314 1223 349 scena
1243 302 1482 348 constituta
1507 305 1574 348 est
1592 307 1712 349 certo
1733 305 1850 359 loco,
1875 292 1959 349 ubi

277 412 349 444 res
361 396 525 455 agitur.
581 389 925 435 introducuntur
944 402 1162 447 personae
1190 389 1307 433 inter
1339 403 1388 433 se
1411 389 1731 445 colloquentes,
1766 402 1959 446 quarum

274 480 532 540 ingenium,
559 487 731 529 mores,
756 474 874 519 vitae
891 473 1109 528 conditio,
1137 473 1378 527 sentiendi,
1416 473 1640 518 iudicandi
1663 475 1961 531 loquendique

277 566 392 612 ratio
412 574 591 622 prorsus
608 560 665 604 a'd
688 556 827 617 ipsius
849 559 968 603 vitae
993 558 1227 614 veritatem
1248 558 1556 603 describuntur
1575 563 1620 602 et
1645 559 1958 616 exprimuntur.

276 652 516 697 Praeterea
543 644 885 703 disputationem
919 644 1287 688 interlocutorum
1327 657 1416 686 non
1459 643 1607 699 inepte
1641 644 1964 700 comparaveris

273 749 381 779 cum
399 731 571 778 actIone
586 762 599 788 ,
628 730 771 787 qualis
797 733 863 773 est
885 728 1142 773 dramatica.
1199 729 1353 772 Habet
1374 728 1493 771 enim
1520 728 1603 772 illa
1623 728 1823 782 initium,
1861 743 1964 785 pro-

277 819 507 878 gressum,
546 813 840 872 digressiones
855 844 871 868 ‚
918 813 1118 866 *exitum3
1164 813 1303 858 habet
1332 828 1413 869 pro
1439 812 1725 856 consiliorum
1754 813 1966 857 varietate

277 901 620 954 sublimitatem,
657 897 955 956 gravitatem,
993 897 1319 952 urbanitatem,
1363 897 1671 952 festivitatem,
1716 897 1965 954 inopinatas

278 986 607 1037 conversiones3
633 984 772 1027 habet
795 982 984 1039 denique
999 983 1178 1037 omnia,
1219 997 1333 1039 quae
1352 983 1399 1026 in
1421 983 1675 1026 dramaticis
1704 982 1868 1027 fabulis
1893 996 1966 1025 re-

277 1072 535 1132 periuntur,
563 1069 628 1113 ita
651 1073 702 1112 ut
720 1067 836 1112 inter
855 1067 1095 1125 legendum
1120 1082 1209 1111 non
1242 1068 1452 1112 subtilem
1481 1068 1679 1125 aliquam
1708 1066 1967 1124 disputatio-

278 1171 382 1203 nem
409 1156 464 1198 de
491 1153 802 1211 philosophiae
831 1152 1079 1196 rationibus
1103 1153 1262 1221 audire
1293 1153 1379 1196 tibi
1408 1154 1621 1207 videaris,
1676 1153 1755 1197 sed
1786 1153 1967 1195 fabulae

278 1240 441 1294 alicui,
494 1237 694 1296 tragicae
723 1238 796 1282 vel
826 1238 1028 1281 comicae
1063 1238 1135 1281 vel
1173 1237 1389 1296 satyricae
1404 1270 1417 1292 ‚
1473 1241 1694 1295 spectator
1737 1237 1965 1282 interesse.

281 1325 485 1378 Accedit,
519 1323 637 1379 quod
661 1321 801 1366 oratio
823 1322 988 1378 passim
1020 1327 1086 1367 est
1108 1323 1238 1378 plane
1257 1322 1455 1379 poetica,
1507 1322 1674 1367 crebris
1693 1321 1968 1379 imaginibus

279 1425 337 1457 ac
355 1408 578 1453 similibus
597 1406 829 1461 distincta,
857 1407 1053 1464 adeoque
1071 1407 1210 1450 habet
1228 1407 1457 1450 involucra
1485 1408 1764 1461 fabularum,
1805 1407 1969 1463 quibus

283 1491 590 1554 philosophiae
625 1493 860 1548 praecepta
879 1496 1182 1549 proponuntur
1210 1497 1343 1547 atque
1371 1491 1616 1536 firmantur.
1682 1490 1834 1549 Quum
1858 1505 1967 1536 vero

284 1578 345 1627 sit
362 1581 434 1623 lex
454 1593 557 1621 cum
580 1581 828 1620 ceterarum
842 1577 1007 1620 artium
1037 1571 1256 1631 omnium,
1306 1581 1402 1620 tum
1425 1590 1606 1634 poeseos
1627 1574 1869 1634 imprimis,
1917 1581 1970 1622 ut

284 1676 389 1708 eum
407 1677 558 1707 rerum
575 1661 813 1716 varietate,
856 1673 970 1718 quae
995 1661 1154 1705 afferat
1178 1657 1539 1715 delectationem,
1578 1661 1716 1706 etiam
1735 1660 1970 1707 coniuncta

284 1745 344 1795 sit
364 1751 409 1792 et
428 1746 554 1803 quasi
574 1747 782 1803 copulata
808 1747 953 1791 unitas
966 1778 981 1799 ,
1009 1761 1143 1802 quam
1160 1750 1318 1790 vocant
1339 1742 1547 1800 technici,
1575 1746 1663 1790 hoc
1686 1754 1754 1792 est
1768 1747 1967 1791 omnium

285 1843 342 1878 ac
370 1830 649 1890 singularum
679 1831 872 1887 partium
905 1827 1031 1888 quasi
1056 1825 1285 1875 consensio
1317 1826 1556 1887 quaedam,
1602 1828 1762 1876 effecta
1790 1829 1872 1877 illa
1896 1847 1966 1887 eo,

283 1916 402 1974 quod
421 1911 574 1960 ‘omnia
594 1916 650 1959 ad
673 1916 1103 1972 unumeundemque
1134 1916 1271 1959 finem
1302 1912 1579 1970 referuntur3
1617 1921 1748 1974 poeta
1771 1912 1970 1974 philoso-

282 1998 399 2060 phus
422 2000 731 2045 admirabilem
751 1995 887 2044 etiam
910 1995 998 2044 hac
1019 1997 1067 2044 in
1092 2012 1142 2044 re
1167 2004 1309 2045 artem
1331 1996 1558 2060 adhibuit,
1601 2002 1679 2058 qui
1699 2002 1849 2046 omnia
1869 1996 1967 2055 illa,

282 2086 404 2143 quae
417 2081 646 2130 varietatis
660 2079 833 2130 habent
859 2084 1196 2130 delectationem
1211 2117 1226 2140 ,
1266 2086 1332 2131 ita
1362 2087 1443 2130 uni
1474 2085 1687 2131 sermonis
1713 2084 1898 2129 consilio
1921 2085 1967 2128 et

282 2167 364 2215 fini
394 2169 741 2215 accommodavit
775 2175 820 2215 et
848 2172 1181 2228 attemperavit,
1237 2175 1288 2215 ut
1323 2171 1438 2215 nihil
1469 2172 1615 2229 inepte
1647 2172 1875 2233 intrusum>
1893 2169 1964 2224 sit,

282 2255 399 2299 nihil
429 2257 616 2299 moleste
633 2252 925 2310 desideretur,
955 2261 1114 2301 cuncta
1133 2257 1251 2300 inter
1267 2271 1318 2301 se
1336 2257 1463 2314 quasi
1483 2257 1628 2302 ainica
1647 2254 1838 2312 quadum
1861 2268 1967 2298 con·-

281 2339 484 2384 sensione
504 2340 768 2386 concordent
786 2345 831 2386 et
852 2338 1041 2400 principi
1066 2345 1327 2399 argumento
1361 2337 1578 2385 sermonis
1606 2336 1868 2384 illustrando
1895 2328 1967 2383 in·-'

283 2424 489 2470 serviant.
548 2423 613 2468 Ac
635 2429 755 2469 tanto
780 2422 879 2481 plus
910 2423 1025 2469 lucis
1053 2431 1233 2470 externa
1262 2420 1345 2469 illa
1371 2420 1551 2482 dialogi
1569 2419 1737 2482 species
1764 2424 1851 2481 ipsi
1875 2424 1964 2468 dle-

283 2506 501 2567 putationi
520 2507 681 2553 afferre
705 2507 843 2564 solet,
871 2509 989 2567 quod
1009 2524 1063 2554 ea
1080 2510 1143 2554 ita
1160 2514 1227 2553 est
1250 2515 1522 2567 comparata,
1550 2516 1600 2555 ut
1629 2524 1718 2553 non
1740 2523 1863 2552 mero
1894 2488 1970 2552 in-⁵

285 2594 408 2652 genii
433 2592 536 2637 lusu
575 2591 848 2652 excogitata,
905 2591 982 2638 sed
1012 2591 1272 2652 plerumque
1298 2596 1354 2638 ad
1377 2591 1520 2653 ipsam
1549 2592 1685 2638 vitam
1714 2590 1963 2649 hominum,

285 2677 431 2735 qualis
459 2675 539 2724 illa
572 2684 713 2724 aetate
744 2677 852 2732 suit,
902 2679 1173 2723 conformata
1208 2675 1266 2723 sit
1294 2684 1337 2723 et
1371 2680 1596 2723 instructa.
1665 2680 1816 2734 Quum
1845 2678 1964 2722 enim

284 2763 427 2807 omnis
451 2760 649 2808 Platonis
668 2763 782 2808 ratio
799 2769 842 2808 et
864 2761 1065 2808 doctrina
1091 2759 1326 2821 paullatim
1356 2769 1460 2809 nata
1482 2767 1599 2807 esset
1633 2775 1686 2807 ex
1710 2763 1964 2819 aequalium
2012 2758 2017 2762 ⁵

285 2830 528 2902 sentiendi,
584 2845 807 2906 cogitandi
845 2845 1092 2906 agendique
1136 2844 1329 2902 ratione,
1385 2859 1528 2905 neque
1571 2848 1671 2892 fieri
1699 2845 1793 2893 ullo
1831 2848 1963 2891 modo

285 2939 446 2989 posset,
483 2929 589 2989 quin
614 2929 670 2977 ad
696 2929 882 3001 eandem
903 2931 1164 2986 referretur,
1193 2943 1446 2977 sermonum
1475 2944 1655 2977 suorum
1677 2936 1880 2976 ornatum
1900 2932 1965 2976 ita

284 3017 363 3061 ille
384 3016 553 3074 delegit
577 3023 622 3062 et
644 3015 850 3062 instruxit
864 3050 878 3071 ‚
906 3022 954 3062 ut
971 3017 1028 3062 ad
1049 3012 1369 3074 sophistarum,
1411 3014 1777 3075 philosophorum
1792 3048 1805 3069 ,
1842 3013 1965 3059 viro·

272 3116 383 3146 vrum
403 3099 625 3156 civilium,
654 3098 841 3159 denique
866 3104 1120 3159 aequalium
1145 3115 1327 3145 suorum
1346 3112 1518 3155 mores,
1546 3097 1759 3153 instituta,
1788 3097 1965 3156 placita,

282 3188 508 3244 opiniones
525 3188 777 3243 respexerit.
835 3185 990 3243 Itaque
1007 3184 1217 3245 sophistis
1237 3180 1413 3241 fastum,
1442 3185 1758 3242 arrogantiam,
1785 3180 1963 3228 inanem

280 3272 506 3315 doctrinae
531 3261 863 3318 ostentationem
887 3269 1071 3326 tribuit,
1126 3272 1378 3329 pariterque
1407 3253 1553 3314 mores
1593 3271 1785 3313 aliorum
1815 3268 1963 3311 homi-

278 3369 408 3408 num,
435 3366 544 3412 quos
568 3357 794 3413 loquentes
818 3357 1082 3411 introducit,
1120 3357 1187 3402 ita
1210 3356 1422 3402 describit
1447 3359 1496 3401 et
1524 3354 1652 3412 quasi
1677 3352 1873 3411 effingit,
1910 3356 1961 3398 ut
