2040 3646
795 174 1113 243 PHAEDO.
1725 180 1794 233 23

114 314 218 376 δᾶν
251 309 285 376 ὃ
317 312 499 417 leoni?
531 318 636 375 τοῦ
667 313 1003 386 ’Λπόλλωνος
1036 311 1210 388 στέφη
1244 309 1351 392 τήν
1391 309 1648 389 πρύμναν
1682 317 1789 371 τοῦ

108 404 331 461 πλοίου·
371 405 541 460 τοῦτο
564 399 668 459 δ”’
638 422 822 477 ετυχεν
835 443 851 471 ,
890 396 1066 475 ὥςπερ
1088 398 1242 474 λέγω,
1282 402 1351 474 τῇ
1374 398 1668 477 προτεραίᾳ
1689 402 1789 475 τῆς

111 488 270 566 δίκης
292 483 532 564 γεγονός.
587 482 681 544 διὰ
703 505 878 543 ταυτα
897 485 990 543 καὶ
1024 479 1204 555 πολυς
1239 481 1438 560 χρόνος
1469 482 1673 560 ἐγένετο
1706 504 1784 540 τω

108 571 393 648 Σωκρατει
417 571 474 630 ἐν
505 574 582 653 τῶ
605 570 954 653 δεσμωτηρίω
990 566 1024 627 ὁ
1049 564 1252 645 μεταξύ
1288 572 1387 648 τῆς
1418 567 1576 647 δίκης
1610 588 1666 626 τε
1691 568 1787 626 καὶ

103 661 209 716 τοῦ
226 653 529 798 θανατου.Ι

273 739 529 847 ΟειΡ.Π
635 741 764 796 EX.
816 737 888 796 Τί
911 737 971 796 δὲ
996 733 1068 816 δὴ
1090 733 1157 795 τοὶ
1187 736 1313 814 περὶ
1337 727 1511 796 αὐτὸν
1535 733 1633 806 τὸν
1670 735 1782 794 θά-

103 843 300 896 νατον,
354 848 400 883 ω
443 823 700 889 Φαίδων,·
750 822 804 879 τί
836 810 908 900 ἦν
941 818 1008 880 τὰ
1030 820 1292 897 λεχθέντα
1326 820 1419 878 καὶ
1451 821 1782 896 πραχθέντα,

101 910 195 967 καὶ
219 910 360 980 τίνες
382 907 439 966 οὶ
460 904 893 984 παραγενόμενοι
924 911 1034 964 τῶν
1060 905 1373 984 ἐπιτηδείων
1396 908 1475 988 τῷ
1498 903 1686 981 ἀνδρί,·
1739 901 1782 984 ἢ

103 1016 216 1052 ουκ
253 994 378 1052 εἴων
409 991 467 1050 οἱ
516 1012 770 1068 αρχοντες
805 997 1081 1067 παρεῖναι,
1149 987 1265 1048 αλλ’
1301 988 1513 1068 ε’ρημος
1534 986 1781 1049 ἐτελεύτα

99 1079 310 1156 ‹piamm-
396 1076 599 1136 ΦΑΙΔ.
652 1073 958 1151 Οὐδαμῶς,
1001 1071 1141 1133 αλλα
1175 1074 1436 1154 παρῆσάν
1466 1096 1631 1147 τινες,
1685 1075 1779 1177 καὶ
1819 1089 1877 1143 D

97 1162 300 1222 πολλοί
332 1183 408 1239 γε.
506 1164 634 1219 ΕΧ.
698 1163 889 1219 Ταῦτα
927 1157 1000 1239 δὴ
1043 1158 1220 1220 πάντα
1255 1157 1664 1239 προθυμήθητι
1704 1181 1781 1231 ως

96 1245 414 1348 σαφέστατα
439 1241 574 1326 ἡμῖν
597 1242 941 1324 ἀπαγγεῖλαι,
997 1245 1046 1303 εἰ
1065 1267 1143 1323 μη
1127 1243 1246 1317 ’τίς
1270 1257 1362 1302 σοι
1384 1241 1614 1321 ασχολία
1646 1263 1779 1320 τυγ-

95 1354 246 1410 χανει
273 1320 439 1391 οὖσα.
529 1333 730 1390 ΦΑΙΔ.
787 1326 944 1390 Ἀλλὰ
969 1327 1220 1407 σχολάζω
1252 1351 1310 1407 γε
1333 1328 1428 1387 καὶ
1450 1326 1781 1407 πειρασομαι

93 1600 111 1640 t
150 1537 232 1640 κιαὶ
256 1535 402 1591 πολὺς
418 1535 615 1597 χρόνος]
645 1537 696 1582 V.
722 1531 749 1584 ὁ
771 1553 817 1583 π.
839 1553 909 1597 χρ.
940 1537 1027 1582 Sed
1045 1537 1170 1582 codd.
1201 1535 1359 1595 optimi
1380 1535 1619 1581 articulum
1647 1532 1780 1578 omit-

114 1612 171 1639 un

148 1675 253 1729 Gap.
280 1673 338 1716 11.
400 1672 460 1717 Τί
484 1670 535 1717 δὲ
563 1668 650 1731 δὴ]
679 1673 808 1718 Bodl.
840 1672 1008 1729 aliique
1042 1672 1089 1717 τί
1112 1672 1193 1718 δαὶ
1215 1670 1288 1730 δή.
1328 1695 1357 1707 -
1413 1635 1549 1716 Idem
1555 1683 1658 1712 mox
1676 1682 1779 1711 eum

89 1731 214 1775 aliis·
244 1730 348 1773 τίνα
367 1723 429 1786 ἦν
450 1746 489 1773 τ.
510 1733 549 1774 λ.

147 1804 270 1852 Ἀλλά
293 1805 493 1864 σχολάζω
512 1808 578 1863 γε]
610 1808 742 1864 Vulg.
769 1819 836 1864 σχ.
853 1823 924 1860 τε,
964 1807 1080 1862 quod
1110 1823 1163 1851 ex
1187 1807 1363 1863 optimis
1386 1806 1509 1849 codd.
1531 1802 1773 1848 emendavi

94 1865 207 1909 Nam
239 1865 289 1920 γέ
319 1865 492 1908 videtur
523 1866 822 1907 necessarium
849 1871 1103 1921 propterea,
1140 1866 1256 1920 quod
1281 1865 1472 1907 affirmat
1504 1862 1702 1919 gnaviter
1727 1875 1775 1903 se

93 1919 350 1979 σχολάζειν,
378 1922 585 1979 deinceps
605 1937 709 1966 vero
732 1922 924 1966 ostendit
946 1936 993 1966 se
1017 1937 1114 1966 rem
1136 1937 1232 1966 esse
1254 1925 1548 1965 narraturum.

30 2261 46 2274 κ
92 2249 202 2276 esse.
260 2232 620 2276 Herodot.11.

93 2065 245 2114 batur,
271 2062 319 2105 id
337 2061 547 2117 quoniam
566 2062 808 2105 sententiae
824 2077 898 2105 ra-

91 2120 288 2162 tionibus
307 2120 591 2171 adversatur,
636 2124 757 2162 recte
781 2120 902 2162 vide-

94 2180 168 2219 tur
219 2191 248 2219 a
295 2177 387 2219 Fis
400 2176 572 2218 chero
619 2190 670 2218 re
699 2177 900 2219 udiatum

684 2231 752 2275 15.
797 2228 899 2277 ὅσοι

91 2287 169 2333 vn’
200 2284 379 2346 ἀνέμων
403 2285 494 2347 ἤδη
517 2283 901 2345 ἀπολαμφθέντες

91 2340 241 2402 ἦλθον
274 2364 318 2393 κ.
345 2363 385 2391 τ.
418 2350 456 2390 λ.
499 2347 556 2390 ad
592 2361 724 2401 quem
751 2348 900 2389 locum

92 2405 148 2447 W
164 2419 219 2447 es
235 2403 525 2472 selingius
586 2404 709 2446 hunc
769 2419 899 2447 usum

92 2462 219 2504 verbi
242 2456 600 2529 ἀπολαμβάνειν,
627 2475 714 2515 quo
738 2461 900 2504 dicitur

92 2519 148 2560 de
167 2519 308 2560 ventis
329 2518 522 2561 adversis
551 2518 808 2585 navigantes
828 2533 900 2559 re-

89 2575 558 2643 tinentibus‚p1uribus
574 2575 784 2629 exemplis
796 2574 902 2617 illu-

90 2632 303 2675 stravit.-
332 2628 520 2684 αὐτούς,
545 2646 604 2674 sc.
618 2630 727 2680 τοὺς
738 2629 899 2675 πλέον·

91 2689 900 2759 mg,qnodexpraec.nzocov1ntell1

92 2746 301 2830 βθηάιιιιι.
342 2747 557 2788 Homer.
584 2746 740 2815 Odyss.
760 2744 818 2789 α’.
850 2760 893 2788 v.

92 2801 193 2845 ³30.
214 2803 378 2845 καίκεν
395 2798 520 2846 τοῦτ’
538 2800 758 2857 ἐθέλοιμι,
782 2800 897 2853 Διός

92 2874 143 2913 γε
158 2856 382 2909 διδόντος,
395 2854 607 2928 ἀρέσθαι.
628 2860 707 2903 ubi
722 2861 777 2902 ad
789 2861 898 2903 τοῦ·

92 2931 146 2959 το
172 2916 249 2958 int.
276 2915 532 2983 βασιλεύειν
561 2931 587 2959 e
605 2917 784 2959 nomine

92 2970 258 3022 σιλεύς.
314 2973 755 3030 Aristoph.P1ut

92 3028 255 3074 πολλοὶ
276 3031 527 3075 πλουτοῦσι
551 3055 581 3063 -
619 3025 789 3079 ἀδίκως
815 3025 896 3074 αὖ·

91 3083 153 3129 τὰ
177 3085 462 3155 συλλέγουσι,
502 3088 583 3131 ubi
599 3089 656 3130 ad
684 3082 803 3132 αὐτοὶ
827 3088 897 3129 in-

94 3143 187 3187 teu.
210 3141 421 3201 χρήματα
454 3159 479 3186 e
501 3159 644 3200 praec.
668 3145 897 3188 πλουτοῦ-

95 3212 156 3241 σι.
186 3201 273 3242 Sed
290 3216 376 3243 non
389 3215 492 3246 rara
513 3208 615 3246 sunt
627 3202 761 3246 huius
770 3216 897 3259 syne-

94 3269 193 3301 seos
211 3258 423 3316 exempla.

155 3367 303 3438 ὥςπερ
320 3369 450 3427 λέγω]
479 3374 701 3427 Frequens
712 3372 904 3415 formula

100 3428 153 3469 de
183 3442 232 3470 re
260 3427 350 3472 iam
383 3437 514 3473 antea
548 3434 902 3473 commemoratu

964 2063 1055 2107 Nos
1089 2063 1301 2106 dicimust
1338 2060 1440 2104 wie
1468 2060 1689 2115 gesagt.
1729 2072 1771 2100 v.

964 2121 1152 2176 Apolog.
1175 2136 1216 2175 p.
1237 2118 1308 2162 21.
1330 2118 1384 2163 Δ.
1409 2132 1504 2173 cap.
1527 2118 1574 2159 V.
1599 2121 1642 2158 et
1659 2129 1772 2170 quae

964 2177 1031 2220 ibi
1052 2176 1270 2221 annotavi.

1022 2289 1282 2346 Cap.11.n.
1312 2272 1666 2345 οἱᾶρχοντές-]
1696 2285 1832 2326 In-1

963 2347 1226 2403 telliguntur
1248 2344 1295 2389 οἱ
1315 2342 1488 2388 ενδεκα.
1518 2359 1559 2386 v.
1568 2342 1769 2398 .Apolog.

965 2406 1084 2447 Socr.
1117 2403 1251 2459 Ρ.37.
1285 2403 1334 2444 C.
1374 2402 1527 2457 ibique
1555 2405 1702 2442 annot.
1726 2414 1770 2454 p.

963 2461 1034 2504 39.
1067 2420 1144 2504 Rp
1171 2461 1252 2503 ubi
1279 2459 1434 2502 itidem
1474 2458 1521 2502 οὶ
1554 2451 1771 2515 ἄρχοντες

963 2525 1187 2562 vocantur.

1020 2590 1141 2624 τινες
1178 2571 1259 2617 καὶ
1293 2573 1457 2616 πολλοί
1493 2573 1568 2627 γε]
1629 2572 1768 2626 Gorg.

963 2648 1007 2688 p.
1031 2630 1127 2674 455.
1155 2632 1203 2673 G.
1243 2645 1305 2680 ως
1337 2627 1422 2683 ἐγώ
1449 2644 1580 2678 τινας
1610 2627 1770 2682 σχεδὸν

962 2688 1040 2732 καὶ
1075 2702 1267 2744 συχνους
1292 2684 1595 2741 αἰσθάνομαι.
1637 2698 1770 2739 quem

960 2746 1110 2788 locum
1134 2744 1405 2800 comparavit
1431 2746 1491 2787 W
1499 2759 1530 2799 y
1540 2748 1557 2785 t
1569 2747 1619 2784 te
1629 2758 1655 2783 n
1667 2744 1696 2784 b
1709 2756 1769 2783 a-

962 2803 1128 2846 chius
1156 2803 1210 2846 ad
1238 2802 1465 2844 Plutarch
1496 2801 1551 2842 de
1574 2801 1618 2843 S.
1640 2799 1693 2841 N.
1716 2798 1763 2839 V.

961 2876 1004 2917 Ρ.
1045 2858 1142 2902 125.
1194 2859 1273 2901 ubi
1314 2864 1459 2902 tamen
1490 2858 1545 2899 de
1580 2857 1670 2898 hac
1701 2855 1769 2896 lo·-

962 2916 1125 2972 quendi
1157 2917 1298 2959 forma
1327 2915 1496 2958 doctius
1531 2927 1666 2968 qnam
1693 2927 1768 2954 ae-

884 3006 894 3015 .
960 2973 1155 3016 curatius
1185 2972 1436 3028 disputavit.
1502 2969 1678 3013 Etenim
1720 2969 1767 3011 in

961 3031 1128 3073 talibus
1159 3031 1237 3073 καί
1269 3030 1409 3077 habet
1428 3029 1518 3072 vim
1548 3026 1767 3082 (mandam

961 3087 1153 3144 angendi
1169 3092 1212 3130 et
1232 3080 1506 3141 οοιιίζθῒιδί,
1536 3086 1589 3127 de
1610 3097 1699 3138 qua
1719 3097 1768 3125 re

962 3145 1150 3186 diximus
1181 3145 1237 3187 ad
1262 3145 1447 3198 Apolog.
1473 3143 1593 3184 Socrz
1593 3146 1641 3183 it.
1671 3156 1694 3181 ι
1697 3154 1766 3195 ap.

962 3203 1038 3246 lx,
1097 3201 1319 3256 Quocirca
1363 3214 1516 3242 sensim
1559 3199 1633 3240 hic

962 3258 1201 3302 oderant
1228 3251 1438 3312 aliqui,
1492 3256 1603 3300 imo
1633 3271 1657 3297 v
1673 3269 1730 3297 er
1745 3269 1770 3298 o

964 3315 1154 3360 multi.

1678 3202 1768 3239 est.
1833 3231 1840 3236 ,
