2040 3646
221 114 289 174 74

847 161 850 164 ⁴
920 116 1274 172 PLATONIS

217 247 356 324 οὔτ’,
384 246 453 310 ὃῖν
483 247 644 329 ἡμεῖς
676 246 948 328 ποιοῖμεν,
988 251 1139 331 ’ὑμᾶς
1170 256 1496 335 ἐπιτρέπειν,
1550 257 1687 319 ἄλλα
1726 268 1896 321 τοῦτο

218 332 361 405 αὐτὸ
391 335 790 408 ἐνδείκνυσθαι,
815 332 897 395 ὅτι
919 336 1070 397 πολύ
1092 345 1300 417 μᾶλλον
1324 365 1461 400 κατα
1469 347 1760 423 ψηφιεῖσθε
1786 351 1893 405 τοῦ

215 417 282 479 τὰ
310 415 509 493 ἐλεεινὰ
528 424 703 478 ταῦτα
737 420 982 498 δράματα
1021 425 1322 503 εἰςάγοντος
1364 430 1457 485 καὶ
1496 431 1894 509 καταγέλαστον

213 501 315 587 τὴν
340 502 504 563 πόλιν
525 509 824 578 ποιοῦντος
858 503 895 587 ἢ
914 513 1019 566 τοῦ
1043 507 1274 588 ἡσυχίαν
1298 508 1542 590 ἄγοντος.

1618 586 1641 597 u

384 589 547 671 Cap.
593 592 820 652 XXIV.
907 595 1095 668 Χωρὶς
1129 596 1190 652 δὲ
1222 600 1321 675 τῆς
1359 594 1553 676 δόξης,
1596 597 1640 655 ὠ
1680 593 1889 673 ἄνδρες,

123 682 170 737 G
213 670 347 732 οὐδὲ
372 672 587 733 δίκαιόν
608 698 702 751 μοι
731 678 884 734 δοκεῖ
902 671 1036 735 εἶναι
1063 682 1280 738 δεῖσθαι
1313 685 1420 739 τοῦ
1443 685 1714 740 δικαστοῦ
1753 679 1890 740 οὐδὲ

210 756 470 834 δεόμενον
495 756 858 837 ἀποφεύγειν,
904 758 1043 819 ἄλλα
1071 762 1346 824 διδάσκειν
1368 767 1457 823 καὶ
1500 767 1726 824 πείθειν.

1812 763 1890 824 οὔ

208 840 313 922 γὰρ
338 843 425 902 ἐπὶ
444 842 624 927 τούτῳ
650 842 890 923 κάθηται
917 843 949 904 ὁ
974 847 1258 928 δικαστής,
1303 850 1389 908 ἐπὶ
1425 855 1502 933 τῷ
1539 850 1888 927 καταχαρίζε-

208 933 347 987 σθαι
369 923 436 987 vei
465 929 679 1002 δίκαια,
723 926 840 987 ἄλλ’
868 930 951 988 ἐπὶ
976 936 1054 1013 τῷ
1073 934 1275 1009 κρίνειν
1295 939 1486 993 ταῦτα·
1533 937 1626 993 καὶ
1666 932 1887 1011 ὀμώμο-

206 1035 302 1072 κεν
322 1007 399 1072 οὐ
420 1019 730 1090 χαριεῖσθαι
756 1010 839 1086 οἷς
867 1010 934 1073 ὂὲν
959 1018 1100 1093 δοκῇ
1129 1015 1307 1101 αὐτῷ,
1353 1016 1489 1077 ἄλλα
1515 1017 1757 1078 δικάσειν
1784 1043 1887 1078 κα-

205 1093 273 1155 τὰ
298 1094 435 1170 τούς
459 1097 685 1176 νόμους.
769 1095 989 1158 οὔκουν
1011 1098 1114 1180 χρὴ
1150 1099 1278 1162 οὔτε
1321 1100 1464 1183 ἡμᾶς
1489 1104 1688 1177 ἐθίζειν
1735 1101 1887 1180 ὑμᾶς

204 1182 501 1263 ἐπιορκεῖν,
563 1179 699 1243 οὔθ’
751 1179 901 1262 ’ὑμᾶς
940 1184 1238 1259 ἐθίζεσθαι·

1324 1186 1606 1268 οὐδέτεροι
1661 1184 1766 1268 γὰρ
1817 1183 1887 1248 ἂν

259 1404 374 1457 αὐτὸ
407 1408 756 1474 ἐνδείκνυσθαι]
796 1412 844 1457 V.
876 1409 1178 1459 ἔνδείκννσθε.

254 1510 364 1568 Cap.
394 1509 552 1556 XXIV.
581 1505 756 1556 οὔκουν
774 1507 895 1572 χρὴ]
925 1511 977 1558 V.
1006 1506 1189 1559 οὐκοῦν.

199 1706 330 1751 dere
357 1710 521 1752 nobis
558 1708 873 1755 videamur.
933 1712 1008 1756 Sic

197 1766 237 1809 Α
250 1780 274 1823 e
286 1781 305 1808 s
318 1767 383 1808 ch
395 1766 411 1809 i
423 1782 464 1811 n.
517 1768 614 1810 adv.
655 1769 848 1825 Ctesiph.
893 1770 933 1824 ἓ.
965 1769 1004 1812 5.

196 1824 292 1866 τῶν
318 1824 396 1867 καὶ
426 1820 637 1874 ὁπωςοῦν
677 1823 794 1886 πρὸς
822 1822 879 1870 τὰ
909 1842 1006 1870 κοι-

195 1876 258 1925 νὰ
300 1879 731 1940 προςεληλυθότων,
771 1883 817 1927 h.
847 1899 884 1927 e.
913 1899 939 1926 v
952 1886 1006 1926 el

196 1937 595 1992 aliquomodo.
647 1942 801 1983 Xeno
850 1941 893 1983 h.
918 1940 1005 1998 Gy-

194 1996 338 2051 rop.I.
361 1995 404 2049 6,
420 1996 486 2040 12.
501 1991 597 2041 οὔδ’
623 1991 780 2042 ὁτιοῦν
835 1996 1005 2054 πεμνή-

195 2054 306 2108 σθη,
336 2053 381 2098 h.
406 2068 443 2096 e.
474 2055 866 2110 netantillum
887 2056 1005 2111 qui-

196 2110 224 2152 d
235 2124 259 2152 e
269 2124 327 2152 m.
339 2110 408 2152 Ar
422 2110 531 2153 isto
544 2126 569 2166 p
579 2111 746 2155 h.P1ut.
760 2127 799 2155 v.
813 2109 1001 2157 385.κοῦ

195 2163 410 2211 διοίσοντ’
423 2191 452 2203 -
471 2163 570 2212 οὐδ’
585 2164 743 2213 ὁτιοῦν
759 2168 851 2213 τῶν
872 2172 1001 2225 Παμ-

195 2225 349 2281 φίλον.
398 2226 624 2271 Phaedon.
654 2242 696 2282 p.
724 2226 795 2269 78.
831 2227 885 2272 1).
916 2227 1003 2284 μή·

191 2297 306 2326 ποτε
326 2280 583 2340 μεταβολὴν
602 2284 680 2327 καὶ
696 2278 912 2340 ἡντινοῦν
934 2281 1002 2328 ἕν·

194 2338 397 2395 δέχεταις
427 2341 555 2382 Ferri
581 2355 666 2383 non
688 2346 854 2397 potest,
885 2341 1001 2398 quod

190 2398 330 2454 vulgo
366 2396 614 2454 legebatur,
644 2397 724 2442 καὶ
775 2393 999 2456 ὁπῃτιοῦν

192 2450 340 2510 εἶναι,
385 2469 522 2511 quum
553 2470 598 2498 τι
627 2455 691 2499 ita
719 2468 805 2498 non
829 2457 884 2499 ad
905 2470 1002 2500 ver-

189 2511 300 2554 bum
321 2507 438 2555 εἴναι
455 2511 684 2568 pertineat,
713 2512 787 2554 sed
809 2514 1001 2569 positum

189 2568 250 2611 eit
269 2572 319 2610 ut
339 2568 384 2610 in
407 2564 675 2619 ὁπωςτιοῦν.
703 2569 742 2612 Β
754 2571 852 2612 ekk
863 2585 888 2613 e
899 2583 922 2612 r
936 2587 965 2615 u
978 2587 998 2615 s

188 2638 245 2667 ex
268 2625 519 2668 coniectura
537 2626 657 2671 dedit
676 2625 755 2669 καὶ
776 2621 999 2685 ὁπῃτιοῦν

188 2696 236 2725 τι
259 2679 391 2727 εἶναι.
447 2683 825 2728 Heindorfius
860 2686 1000 2730 corri-

156 2745 164 2749 ’
190 2739 329 2796 gebat
342 2737 420 2782 καὶ
439 2735 618 2798 ὁπῃοῦν
635 2754 680 2784 τι
700 2737 831 2785 εἶναι.

186 2811 188 2813 ’
247 2791 307 2838 τὰ
323 2792 494 2839 ἐλεεινὰ
514 2797 662 2841 ταῦτα
679 2797 894 2856 δράματα
911 2798 995 2849 εἰς·

191 2851 417 2908 ἄγοντος]
455 2847 652 2898 Ἐλεεινά
685 2853 898 2914 δράματα
929 2857 998 2899 in-

188 2910 457 2966 telliguntur
509 2911 536 2953 d
546 2925 569 2953 r
580 2926 660 2954 am
670 2926 697 2955 a
708 2917 725 2955 t
736 2927 763 2955 a
774 2945 786 2964 ‚
839 2913 999 2970 quibus

187 2967 507 3022 spectatoribus
528 2968 830 3012 misericordia
850 2985 999 3014 move-

188 3029 277 3071 tur,
301 3047 331 3056 -
351 3021 544 3079 εἰςοὶγειν
563 3025 609 3067 h.
630 3026 661 3071 l.
691 3030 757 3069 est
783 3029 941 3083 profe
953 3042 997 3070 r-

186 3094 249 3123 re
306 3080 361 3124 in
417 3080 474 3123 iu
489 3081 724 3136 dicium,
779 3082 999 3139 videlicet,

188 3150 326 3192 quum
359 3152 459 3180 reus
494 3138 672 3182 adducit
697 3153 878 3183 uxorem
891 3178 902 3196 ‚
941 3142 997 3184 li-

183 3195 318 3237 beros
333 3227 346 3247 ‚
385 3195 650 3251 propinquos
701 3197 997 3252 lacrimantes,

185 3265 274 3305 quo
297 3251 493 3294 iudicum
516 3252 654 3296 animi
676 3253 731 3296 ad
749 3254 999 3298 misericor-

184 3308 304 3350 diam
333 3309 578 3351 flectantur.

243 3363 347 3422 Gap.
368 3365 522 3411 xxlv.
561 3364 714 3425 Χωρὶς
735 3365 785 3413 δὲ
808 3369 890 3425 τῆς
919 3366 995 3415 δό-

1073 1712 1179 1768 ξης]
1213 1713 1258 1755 h.
1284 1727 1321 1755 e.
1352 1713 1449 1754 sed
1472 1714 1877 1768 praeterquam

1072 1785 1176 1825 quo
1194 1771 1220 1811 d
1259 1770 1408 1812 illud
1446 1768 1877 1812 existimationi

1069 1841 1234 1869 meae
1291 1841 1404 1869 non
1473 1828 1873 1882 responderet:

1071 1887 1204 1927 aber
1242 1884 1571 1939 abgesehen
1611 1897 1719 1925 von
1760 1883 1876 1924 dem

1068 1942 1105 1984 A
1123 1956 1149 1983 n
1162 1956 1180 1982 s
1194 1942 1262 1983 eh
1276 1956 1300 1982 c
1315 1956 1354 1983 n.
1409 1940 1576 1984 Criton.
1612 1955 1649 1983 c.
1685 1941 1727 1984 3.
1761 1936 1875 1983 om&

1067 1998 1204 2057 χωρὶς
1218 1995 1300 2051 μὲν
1320 1998 1402 2041 τοῦ
1423 1994 1518 2040 ἐστε
1553 1997 1696 2052 ἧσθαι
1720 1995 1874 2041 τοιού-

1066 2072 1150 2099 του
1176 2053 1435 2110 ἐπιτηδείου
1458 2078 1488 2086 -
1507 2054 1573 2099 ἐτι
1600 2053 1649 2098 δὲ
1670 2054 1747 2099 καὶ
1765 2058 1876 2099 πολ.-

1067 2115 1162 2163 λοίς
1183 2111 1304 2165 δόξω
1324 2128 1365 2156 κ.
1396 2129 1433 2155 τ.
1460 2108 1497 2155 λ.
1537 2111 1615 2154 ubi
1646 2113 1749 2155 vide
1782 2117 1873 2157 not.

1065 2171 1207 2228 Legg.
1243 2185 1285 2225 p.
1323 2169 1422 2212 814.
1465 2169 1512 2214 G.
1560 2164 1775 2225 οὐδαμῶς
1804 2165 1876 2214 εὕ-

1067 2241 1238 2284 σχημον
1251 2222 1434 2281 γίγνοιτ’
1453 2222 1510 2269 ἄν
1522 2227 1606 2270 τοῦ
1629 2228 1776 2271 κακοῦ
1787 2243 1875 2283 χω·

1067 2287 1137 2344 ρὶς
1161 2285 1300 2329 τοῦτο
1334 2282 1382 2327 ἐν
1407 2280 1537 2328 πόλει
1565 2278 1685 2328 ὅπου
1706 2284 1875 2342 γίγνοι-

1065 2357 1133 2387 το.
1202 2342 1401 2398 Sympos.
1434 2356 1472 2412 ρ.
1499 2341 1596 2383 173.
1639 2342 1688 2385 C.
1735 2341 1874 2412 χωρὶς

1064 2398 1150 2444 τοῦ
1180 2399 1365 2443 οἴεσθαι
1414 2399 1695 2453 ωφελεῖσθαι
1733 2413 1872 2456 νπερ·

1068 2457 1197 2512 φυῶς
1227 2453 1288 2505 ὥς
1316 2455 1472 2511 χαίρω.
1544 2454 1656 2497 lbid.
1688 2454 1784 2500 184.
1815 2458 1869 2499 Β.

1066 2516 1112 2559 H
1125 2528 1148 2555 e
1160 2528 1183 2555 r
1193 2527 1219 2556 o
1231 2513 1258 2555 d
1271 2526 1297 2554 ο
1310 2517 1341 2555 t.
1353 2512 1388 2554 Ι.
1399 2512 1469 2555 93.
1486 2509 1623 2569 χωρὶς
1637 2511 1728 2554 τῶν
1738 2512 1872 2568 Αἰγυ-

1063 2571 1208 2615 πτίων
1234 2569 1430 2628 ἕργων.-
1458 2569 1564 2611 Mox
1585 2565 1870 2624 ἀποφεύγειν

1063 2633 1129 2671 est
1147 2628 1367 2671 salvum
1395 2625 1647 2679 evadere,
1677 2628 1871 2671 absol-

1060 2699 1129 2729 vl.

1118 2741 1169 2814 (3¹2
1202 2737 1278 2784 ἐπὶ
1298 2737 1448 2841 τοῦτέι
1473 2763 1501 2772 -
1531 2734 1607 2783 ἐπὶ
1635 2739 1703 2800 τῷ
1730 2756 1870 2801 κατα-ὴ

1060 2800 1385 2911 ἒῗρεέῗέῗΐοῑ·
1406 2797 1742 2922 ιιὲὸξὲἱέςιὲ.
1768 2797 1870 2898 {332

1061 2909 1122 2957 τᾶ
1150 2910 1292 2969 καλά,
1324 2913 1407 2956 τοῦ
1439 2907 1468 2968 ἢ
1504 2911 1714 2968 ωφὲλιμα
1750 2910 1870 2956 εἶναι

1062 2965 1092 3025 ἢ
1116 2965 1274 3024 ἡδέαῆ
1300 2964 1553 3028 ἀμφότερα.
1585 2971 1640 3012 cf.
1670 2969 1865 3013 Matth.

1061 3031 1101 3081 §.
1123 3027 1219 3072 468.
1248 3029 1294 3070 b.
1332 3052 1362 3060 -
1395 3027 1780 3084 καταχαρίζεσθαι
1807 3022 1862 3070 τὸ

1061 3085 1242 3129 δίκαιον
1269 3090 1335 3127 est
1370 3083 1652 3127 iustitiam
1691 3083 1869 3126 dona-

1061 3156 1122 3184 re
1150 3141 1402 3199 gratiae,
1429 3141 1518 3183 ius
1546 3139 1863 3197 negligere,

1062 3213 1174 3256 quo
1203 3197 1388 3242 alteri
1417 3202 1643 3255 gratum
1669 3197 1864 3241 faciae.

1118 3255 1197 3300 καὶ
1216 3251 1481 3311 ὀμώμοκεν]
1513 3255 1552 3298 Ι)
1567 3268 1646 3296 cm
1660 3254 1797 3297 osth.
1825 3269 1866 3298 e.

1064 3314 1306 3356 Timocrat.
1336 3327 1375 3367 p.
1398 3311 1495 3355 747.
1517 3311 1584 3353 ed.
1606 3311 1756 3354 Reisk.
1775 3318 1868 3366 ψη-

1064 3371 1264 3428 φιοῦμαι
1295 3365 1414 3414 κατὰ
1448 3364 1567 3420 τοὺς.
1586 3364 1757 3426 νόμους
1789 3366 1870 3413 καὶ
