2040 3646
248 151 322 226 8⁰

905 149 1268 207 PLATONIS

252 283 553 369 δεομένοι”
515 309 663 366 αγειν
684 284 890 373 σχολὴν
913 287 999 347 ἐπὶ
1028 287 1339 373 τῆίῗιιετέρςε
1360 289 1783 370 παρακελεύσει;
1824 289 1932 352 οὐκ

253 370 373 432 ἔσθ’
413 393 510 431 οτι
535 376 776 449 μᾶλλον,
834 374 880 432 ὠ
921 370 1114 453 ἄνδρες
1136 374 1443 482 Αθηναῖοι,
1506 377 1696 454 πρέπει
1737 373 1932 449 οὕτως,

254 456 330 531 ὥς
354 454 451 516 τὸν
471 462 727 517 τοιοῦτον
751 454 924 536 ἄνδρα
950 459 1006 518 ἐν
1028 460 1333 565 πρυτανείῳ
1356 466 1624 519 σιτεῖσθαι
1638 505 1654 533 ,
1697 459 1846 521 πολύ
1874 484 1934 540 γε

253 538 526 620 μοῖλ2.,ον’Ἁ
488 566 525 622 η
551 544 704 615 εἴτις
727 540 886 620 ὑμῶν
911 545 1055 627 ἷππῳ
1082 542 1120 625 ἢ
1154 519 1472 622 ξυνωρίδιἽ
1443 569 1479 624 η
1511 546 1687 624 ζεύγει
1719 547 1935 625 νενίκη-

251 635 348 688 κεν
369 625 749 703 Ὀλυιιπιάσιν.
807 625 839 686 ὃ
839 651 970 719 Νμεν
1007 652 1110 738 γαρ
1146 628 1292 706 υιιᾶς
1316 636 1464 688 ποιεῖ
1485 627 1812 706 ευδαίμονας
1836 633 1935 689 60-

158 721 209 773 Ε
251 719 368 772 κεῖν
391 708 556 785 εἶναι,
599 709 700 791 ἐγω
725 713 783 770 δε
811 707 961 772 εἶναι
1005 715 1099 772 καὶ
1123 711 1155 773 ὁ
1177 716 1275 791 μὲν
1306 718 1524 793 τροφῆς
1548 713 1717 775 οὕὸεν
1749 719 1934 788 δεῖται,

253 793 355 877 ἐγω
378 798 437 857 δε
459 797 666 874 δέομαι.
725 798 773 855 εἰ
795 790 901 857 οὖν
923 802 1010 857 δεῖ
1029 822 1093 875 με
1132 796 1270 857 κατὰ
1303 797 1367 857 τὸ
1394 801 1609 859 δίκαιον
1644 805 1743 880 τῆς
1783 796 1937 872 ἄξιάς

420 966 581 1049 Cap.
612 969 873 1028 XXVII.

127 888 209 945 37
249 888 542 962 τιμᾶσθαι,
584 878 794 941 τούτου
819 888 1077 959 τιμῶμαι,
1122 884 1177 942 ἐν
1190 885 1504 969 πρυτανείω
1532 886 1808 964 σιτήσεως.

945 965 1105 1040 Ἴσως
1139 959 1244 1028 οὖν
1270 966 1403 1045 ὑμῖν
1441 971 1534 1027 καὶ
1570 970 1729 1028 ταυτὶ
1765 969 1937 1048 λέγων

247 1053 646 1134 παραπλησίως
682 1055 829 1110 δοκῶ
862 1051 1035 1131 λέγειν
1071 1049 1246 1133 ωςπερ
1285 1054 1409 1132 περὶ
1457 1059 1563 1113 τοῦ
1609 1055 1802 1114 οἴκτου
1840 1053 1936 1112 καὶ

307 1253 357 1300 ἐν
378 1251 639 1314 πρυτανείῳ
662 1249 906 1322 σιτήσεως]
938 1254 993 1301 V.
1019 1253 1101 1311 τῆς
1123 1250 1170 1299 ἕν
1191 1270 1300 1323 πρ.
1294 1267 1337 1300 σ.
1365 1253 1454 1299 Sed
1475 1253 1694 1322 plurimi‘
1679 1252 1800 1310 iique
1808 1253 1939 1324 opti-

247 1313 314 1357 mi
331 1309 455 1356 codd.
485 1300 723 1356 articulum
743 1311 966 1365 omittunt,
993 1311 1126 1367 idque
1145 1313 1387 1368 verlssime,
1419 1327 1555 1368 quum
1575 1311 1698 1355 notio
1719 1309 1939 1367 σιτήσεως

248 1369 299 1415 ἐν
317 1370 577 1428 πρυτανείῳ
604 1369 821 1412 eiusmodi
844 1368 901 1451 sit
915 1399 929 1423 ,
969 1383 1082 1424 quae
1111 1375 1163 1413 ut
1189 1369 1378 1413 articulo
1411 1370 1661 1414 accuratius
1686 1369 1937 1422 definiatur,

247 1441 337 1471 non
359 1442 467 1485 opus
490 1434 570 1473 est.

247 1570 305 1614 ad
331 1570 547 1614 Marmor.
579 1567 725 1624 Antiq.
747 1570 847 1624 post
870 1565 1061 1612 Homeri

247 1628 520 1684 Apotheosin
539 1642 580 1682 p.
604 1625 701 1668 284.
710 1642 732 1664 «

305 1685 485 1740 μαλλον
510 1682 675 1740 πρέπει
704 1676 874 1753 οὕτως,
909 1696 1016 1732 ως-
1036 1679 1058 1738 ]

246 1743 497 1786 Dicendum
530 1742 613 1783 fuit
652 1746 730 1783 aut
763 1756 845 1784 οτι
890 1741 1063 1807 μᾶλλον

247 1799 414 1870 πρέπει
439 1794 634 1867 ἢτὸντ.
661 1813 708 1840 α.
733 1812 773 1839 κ.
794 1814 837 1843 τ
860 1799 897 1841 λ.
929 1802 1004 1839 aut
1033 1789 1063 1839 o'

246 1874 294 1902 τι
311 1853 478 1916 πρέπει
499 1850 661 1907 οὕτως,
675 1869 737 1904 ως
754 1850 835 1898 τὸν
855 1870 893 1897 τ.
915 1870 955 1899 κ.
969 1869 1007 1896 τ.
1022 1856 1060 1898 2..

248 1915 336 1958 Sed
365 1919 553 1968 utraque
584 1916 806 1955 structura
830 1911 1063 1953 coniuncta

248 1972 361 2015 dixit
404 1971 579 2037 μᾶλλον
603 1964 760 2037 ,ου’τως
814 1984 897 2021 ως,
949 1969 1066 2010 libc-

247 2029 368 2072 riore
426 2026 640 2071 orationis
703 2026 1062 2078 conformatione,

249 2101 319 2142 qu
310 2085 371 2129 ih
391 2085 552 2128 Graeci
584 2083 838 2140 saepissime
864 2087 1060 2125 utuntur.

248 2144 325 2187 Sic
346 2157 479 2211 supra
506 2142 673 2198 legitur
702 2157 742 2197 p.
770 2141 842 2184 30
864 2141 916 2183 B.
947 2137 1062 2196 μήτε

249 2198 472 2256 σωμάτων
496 2176 810 2267 ἐπιμελεῖσθαι
830 2195 948 2265 μήτε
955 2213 1060 2255 χρη-

247 2257 406 2328 μάτων
444 2250 824 2325 vr96v890v001‘2‘tco
860 2251 1058 2313 σφόδρα,

248 2312 310 2367 ὠς
324 2314 406 2371 τῆς
421 2315 587 2374 ψυχῆς.
618 2312 769 2356 Alium
779 2313 926 2354 locum
940 2327 1058 2354 com-

245 2372 420 2430 paravit
437 2374 763 2422 Forum-us,
793 2371 861 2411 De
886 2371 1058 2438 republ.

246 2431 341 2474 VII.
363 2445 404 2486 p.
427 2428 525 2473 526.
552 2430 599 2471 C.
630 2427 710 2471 καὶ
729 2425 836 2496 μήν,
868 2442 929 2476 ως
953 2420 1062 2498 6796-

247 2503 362 2544 μαι,
403 2481 436 2530 ἅ
463 2501 512 2541 γε
534 2479 670 2542 μείζω
699 2483 847 2527 πόνον
872 2483 1061 2552 παρέχει

284 2536 541 2589 ανθάνοντι
566 2542 644 2586 καὶ
663 2540 932 2613 μελετωντι,
974 2535 1059 2586 οὐκ

248 2618 309 2646 αν
329 2601 500 2669 ῥᾳδίως
520 2594 628 2644 ουδε
643 2594 787 2642 πολλὰ
811 2595 869 2641 ὂὶν
891 2595 1058 2658 εὕροις,

247 2675 311 2709 ως
333 2660 487 2702 τοῦτο.
517 2659 617 2700 Duo
638 2655 713 2699 ali
705 2670 731 2698 ἰ
753 2656 953 2711 exempla
973 2657 1060 2698 hu—

245 2716 316 2760 ius
349 2720 598 2758 structiuae
637 2713 837 2756 laudavit
875 2714 1060 2755 Heus-

246 2773 374 2816 dius
418 2772 606 2871 Speciip.
641 2770 738 2813 crit.
774 2785 815 2840 p.
830 2769 899 2812 12.
943 2770 1056 2813 Min.

245 2829 482 2888 p.318.11..
516 2826 572 2872 ον’
600 2827 685 2887 γὰρ
709 2823 804 2871 ἔσθ’
830 2821 859 2871 ὅ
882 2843 928 2870 τι
951 2823 1056 2870 τού-

152 2935 157 2939 ,
242 2903 330 2932 του
353 2883 649 2956 οἶσεβέστερόν
677 2883 826 2939 ἐστιν,
857 2880 956 2928 ουδ’
979 2878 1056 2927 ου’-

243 2960 308 2989 τω
321 2939 404 3002 χρὴ
417 2945 589 3013 μᾶλλον
603 2917 914 3012 εὐλαβεῖσθαι,
937 2939 1057 2997 πλὴν

245 3003 312 3053 εἰς
331 2997 475 3051 θεοὺς
495 3000 572 3044 καὶ
592 2995 707 3058 λόγω
726 2998 804 3043 καὶ
820 2996 931 3056 ἔργῳ
955 2996 1055 3068 ἐξα-

243 3073 510 3132 μαρτανειν.
549 3059 681 3114 Eryx.
704 3072 745 3124 Ρ.
769 3056 867 3099 392.
892 3056 941 3098 C
959 3050 1054 3099 υπὸ

243 3115 296 3161 δε
321 3131 413 3159 των
436 3115 638 3188 σμικρῶν
662 3111 840 3157 τούτων
863 3107 921 3155 υὶν
946 3113 1056 3181 μᾶλ-

242 3176 324 3218 λον
353 3169 606 3241 ὀργίζοιντο
633 3166 792 3223 οὕτως,
808 3185 868 3219 ως
890 3166 946 3214 ἂν
970 3167 1057 3227 μά-

243 3233 378 3275 λιστα
399 3227 717 3302 χαλεπώτατοι
743 3227 913 3281 εἴησαν.

299 3286 348 3331 ἐν
361 3286 618 3345 πρυτανείῳ
638 3284 887 3339 σιτεῖσθαι]
913 3284 1054 3341 »Pry-

243 3347 423 3388 taneum
454 3347 548 3387 erat
576 3344 701 3386 locus
731 3342 778 3384 in
803 3356 934 3394 arce,
972 3342 1055 3384 ubi

239 3407 285 3446 et
319 3401 496 3446 Solonis
528 3401 652 3458 leges
688 3402 1051 3446 αεεοπιὼειιιιιιικ

1124 1582 1167 1613 v.
1202 1569 1440 1612 Pausan.
1474 1570 1510 1613 I.
1541 1565 1636 1614 18.=
1687 1573 1734 1613 et
1764 1567 1936 1613 civibus

1126 1625 1180 1668 de
1209 1628 1440 1682 republica
1480 1628 1644 1683 optime
1666 1627 1837 1669 meritis
1869 1627 1937 1670 vi-

1127 1687 1222 1724 ctus
1245 1684 1527 1738 quotidianus
1544 1684 1840 1740 praebebatur
1855 1699 1937 1740 pu-

1126 1741 1264 1783 blice:
1305 1742 1350 1784 h.
1373 1756 1410 1784 e.
1442 1744 1696 1793 σιτεῖσθαιι
1739 1741 1815 1796 qui
1838 1741 1938 1796 qui·-

1128 1799 1228 1839 dem
1263 1799 1405 1840 honos
1431 1797 1547 1856 apud
1574 1800 1768 1842 Graecos
1795 1798 1939 1840 maxi-

1126 1868 1226 1896 mus
1249 1856 1512 1898 habebatur.
1551 1871 1592 1899 v.
1618 1855 1729 1898 Cic.
1756 1854 1879 1898 Orat.
1899 1856 1937 1900 Ι.

1127 1909 1196 1954 54.
1229 1913 1596 1956 Demosthen.
1637 1913 1692 1954 de
1713 1913 1823 1955 falsa
1846 1913 1936 1969 leg.

1127 1984 1168 2024 p.
1127 1969 1288 2024 p231.
1336 1969 1600 2013 Aeschin.
1630 1970 1739 2012 def.
1770 1970 1860 2026 leg.
1890 1985 1934 2024 p.

1127 2026 1226 2068 257.
1249 2028 1306 2070 T.
1320 2028 1378 2070 ΙΙ.
1408 2026 1934 2084 Tay1.P011ux1x.40.

1129 2084 1356 2127 Gruter.
1391 2085 1612 2139 Inscriptt.
1640 2100 1682 2140 Ρ.
1699 2083 1797 2126 460.
1819 2083 1859 2125 1.
1890 2087 1935 2127 et

1128 2140 1318 2183 Schol.
1354 2142 1576 2197 Aristoph.
1617 2141 1673 2184 aul
1691 2140 1858 2196 Equitt.
1890 2155 1934 2196 Ρ.

1125 2197 1224 2241 199.
1249 2199 1387 2241 Bam«
1437 2198 1755 2242 Fischcrus.
1811 2198 1936 2240 Idem

1126 2261 1246 2297 lecte
1292 2255 1442 2298 docuit
1488 2255 1632 2299 ἰ”ππον
1670 2255 1937 2300 h.l.inte1-

1123 2312 1211 2367 ligi
1248 2311 1439 2368 κέλητα,
1489 2325 1690 2368 equum
1732 2311 1937 2368 singu-

1125 2369 1322 2424 larem,
1354 2370 1486 2425 qui«
1474 2372 1539 2413 ab
1570 2384 1677 2412 uno
1707 2382 1935 2410 sessore

1124 2433 1392 2482 regatur,
1448 2425 1935 2470 v.Scl1otfe1-.de

1124 2498 1184 2525 re
1222 2499 1269 2526 ι
1267 2483 1401 2525 hic.
1427 2483 1462 2525 I.
1492 2482 1534 2525 8.
1566 2498 1610 2538 Ρ.
1630 2480 1780 2538 85811.
1812 2482 1936 2530 Ξυν-

1125 2540 1235 2598 ωρίς
1297 2546 1446 2584 autem
1494 2544 1595 2582 sunt
1633 2539 1838 2606 bigae,
1889 2541 1935 2583 et

1125 2600 1280 2652 ζεῦγος
1314 2597 1505 2653 trigae
1532 2601 1576 2639 et
1604 2595 1933 2653 quadrigae.

1123 2670 1164 2697 v.
1207 2654 1327 2697 Su
1313 2669 1331 2696 1
1354 2655 1382 2695 d
1404 2668 1431 2696 a
1454 2668 1474 2695 s
1499 2684 1512 2707 ‚
1568 2652 1931 2711 Hesychius,

1123 2711 1488 2755 Phavorinus
1517 2725 1552 2753 s.
1581 2711 1628 2754 h.
1655 2725 1724 2754 vv.
1760 2733 1791 2743 -
1842 2711 1932 2754 Pro

1122 2784 1163 2812 v.
1189 2769 1420 2824 νενίκηκεν
1439 2763 1717 2838 Ὀλυμπιάσι
1746 2768 1840 2811 fere
1866 2767 1935 2811 di·-

1122 2826 1239 2868 citur
1261 2826 1494 2881 νενίκηκεν
1529 2819 1775 2881 Ὀλύμπια.
1845 2823 1934 2867 Sed

1122 2884 1277 2925 eodem
1299 2883 1431 2925 modo
1463 2883 1552 2926 Iao
1568 2886 1706 2926 crat.
1742 2882 1798 2924 de
1823 2881 1927 2937 mg.

1122 2955 1164 2996 Ρ.
1189 2939 1289 2984 351.
1314 2940 1362 2982 C.
1402 2943 1447 2982 et
1476 2955 1519 2996 p.
1544 2938 1643 2986 357.
1671 2940 1727 2983 Β.
1766 2933 1932 2996 Ὀλυμ-

1120 2994 1286 3042 πιάσιν
1304 2994 1521 3054 ἐνίκησεν.

1180 3112 1285 3168 Gap.
1305 3109 1482 3153 XXVII.
1512 3110 1563 3153 P.
1582 3108 1652 3153 37.
1684 3102 1831 3178 ὥςπερ
1851 3123 1931 3154 πε·

1124 3167 1167 3228 ρὶ
1191 3169 1277 3212 τοῦ
1301 3167 1459 3211 οἶκτον
1481 3166 1558 3210 καὶ
1579 3162 1928 3234 ἅντιβολήσεως]

1122 3222 1323 3282 Respicit
1345 3225 1400 3267 ad
1429 3239 1466 3268 c.
1488 3223 1676 3276 xxm„
1705 3223 1786 3266 ubi
1811 3224 1932 3266 dice-

1121 3284 1199 3326 bat
1255 3283 1374 3324 nolle
1425 3295 1472 3323 se
1519 3280 1710 3323 aliorum
1749 3294 1929 3323 reorum

1119 3340 1368 3395 exemplum
1398 3337 1550 3392 sequi,
1598 3336 1676 3392 qui
1706 3336 1932 3380 iudicibus

1119 3402 1348 3441 moverent
1409 3393 1756 3439 misericordiam
1826 3391 1927 3449 (οἷ-
