2040 3646
272 157 455 205 XLVIII

277 301 342 346 Βί
347 315 380 360 p
393 297 591 343 catina
616 296 753 342 editio
778 296 944 354 prodiit
969 296 1084 343 Voll.
1111 298 1190 344 XI.
1218 297 1260 344 8.
1289 311 1330 344 a.
1360 298 1473 343 1781
1490 323 1545 332 -
1567 298 1639 347 87.
1695 295 1953 346 Orationem

390 379 610 421 Graecam
636 375 817 420 exhibet
831 376 982 420 *talem
996 407 1011 430 ,
1052 366 1229 438 qualem
1257 378 1604 422 conformaverat
1628 379 1795 424 Henr.
1826 379 1952 423 Ste-

390 456 619 512 phanus,
684 454 922 498 Praeterea
961 453 1155 498 additam
1191 456 1329 498 habet
1377 455 1704 499 annotationem
1753 455 1954 500 criticam

391 538 525 589 atque
551 530 700 577 Ficini
724 531 1086 586 translationem,
1139 533 1215 576 sed
1242 546 1343 576 eam
1370 537 1639 587 correctam,
1682 548 1826 590 neque
1853 548 1958 590 ger-

391 621 594 663 mimam,
645 608 715 653 ita·
750 613 802 652 ut
838 609 895 653 ad
922 600 1122 653 criticam
1148 611 1429 655 factitandam
1457 625 1544 653 non
1572 609 1708 668 possit
1738 610 1958 655 adhiberi.

391 689 543 732 Habet
583 691 729 731 tamen
765 688 878 731 haec
914 687 1050 731 editio
1091 690 1208 732 bona
1246 702 1326 732 sua
1362 690 1619 745 peculiaria.
1687 688 1863 758 ptenim
1901 686 1960 731 ad

392 767 562 822 aliquot
587 765 728 808 libros
754 765 946 809 continet
973 770 1197 823 excerptas
1227 767 1429 810 codicum
1454 767 1665 811 lectiones
1694 770 1823 810 antea
1848 779 1960 808 non-

393 845 501 887 dum
537 842 812 900 publicatas:
869 848 913 887 et
950 849 1180 900 praeterea
1215 849 1518 888 accesserunt:
1576 844 1958 901 Dialogorum

392 921 658 967 Platonis
686 925 1017 979 argumenta
1045 923 1307 979 exposita
1335 928 1388 968 et
1415 923 1728 967 illustrata
1754 935 1782 966 a
1808 921 1958 965 Diet.

393 1000 763 1045 Tiedemann.
792 997 920 1044 1⁷86.
949 998 991 1044 8.

288 1077 760 1124 Tauchnitziana.
801 1064 915 1121 voli.
944 1075 1208 1136 vlu-Lim.
1238 1074 1364 1124 1813.
1398 1091 1491 1135 sqq.
1521 1079 1708 1136 prodiit,
1755 1082 1960 1135 expressa

394 1156 477 1201 illa
505 1170 559 1198 ex
584 1153 839 1198 recensione
867 1155 1039 1199 Henr.
1070 1157 1361 1214 Stephani.
1420 1158 1534 1201 Tria
1558 1157 1706 1214 priora
1733 1155 1964 1214 volumina

397 1230 573 1277 curavit
611 1230 736 1275 chr.
773 1233 904 1276 Dan.
932 1234 1101 1277 Beck.
1132 1235 1184 1279 V.
1215 1236 1307 1289 CL,
1365 1236 1443 1292 qui
1472 1237 1692 1280 Graecam
1719 1233 1964 1278 orationem

398 1326 483 1369 ope
510 1308 833 1367 praesidiorum
859 1310 1115 1355 criticorum
1143 1313 1305 1369 passim
1328 1309 1580 1358 'emendavit
1608 1318 1653 1356 et
1677 1315 1861 1355 brevem
1887 1311 1966 1354 ad-

396 1389 509 1433 didit
535 1387 805 1432 notationem
833 1388 1050 1433 criticam.
1102 1391 1323 1447 Reliquae
1339 1396 1484 1448 partes
1505 1391 1694 1434 reddunt
1719 1389 1967 1434 orationem

400 1469 620 1511 Graecam
645 1467 805 1520 talem,
836 1469 1012 1523 qualem
1041 1469 1219 1512 exhibet
1252 1470 1385 1512 editio
1415 1468 1666 1525 Bipontina.

286 1546 662 1591 Bckkeriana.
690 1544 842 1588 Berol.
870 1544 1128 1590 1816-18.
1159 1547 1278 1591 VIII.
1307 1546 1474 1592 v011.8.
1505 1547 1666 1602 quibus
1689 1546 1968 1588 accesserunt

400 1622 830 1667 Commentaria
859 1623 1097 1668 Critica.
1141 1624 1238 1668 Vol.
1272 1625 1333 1668 II.
1370 1624 1498 1667 1823.
1539 1623 1582 1669 8.
1640 1622 1832 1667 Exhibet
1867 1635 1969 1665 ora-

399 1702 567 1746 tionem
595 1701 812 1744 Graecam
842 1701 899 1744 ad
924 1701 1057 1745 fidem
1084 1703 1376 1759 plurimorum
1402 1687 1622 1746 librorum
1649 1715 1802 1744 recens
1831 1700 1970 1743 colla-

399 1787 551 1824 torum
592 1777 933 1834 diligentissime
971 1783 1022 1838 et
1057 1780 1376 1836 sapientissime
1414 1780 1702 1823 emendatam.
1764 1778 1973 1821 Continet

401 1861 629 1914 praeterea
647 1855 983 1900 translationem
1002 1857 1164 1910 Ficini‚
1185 1859 1260 1901 sed
1275 1872 1374 1902 eam
1394 1873 1481 1900 non
1492 1861 1709 1900 mutatam
1723 1859 1767 1899 et
1778 1856 1974 1911 interpo-

400 1935 556 1986 latam,
585 1932 664 1975 sed
690 1947 742 1976 ex
770 1934 1088 1989 antiquissimis
1116 1936 1326 1992 exemplis
1354 1936 1545 1988 ductam,
1573 1939 1625 1977 ut
1650 1935 1815 1978 habeat
1841 1947 1973 1976 usum

402 2011 623 2055 criticum.
702 2011 1028 2056 Commentaria
1068 1997 1223 2057 critica
1263 2018 1435 2070 praeter
1471 2013 1698 2070 ingentem
1745 2011 1973 2055 variarum

403 2087 647 2151 lectionum
675 2088 852 2145 copiam
884 2092 1232 2147 complectuntur
1260 2092 1395 2135 etiam
1423 2089 1662 2135 Scholia
1700 2089 1920 2134 Graeca
1943 2102 1974 2133 a

322 2158 327 2163 ’
405 2165 754 2228 Ruhnkenio
783 2166 926 2222 edita,
958 2169 1036 2212 sed
1062 2170 1254 2213 multum
1274 2173 1402 2214 aucta
1431 2173 1474 2213 et
1499 2168 1781 2224 locupletata.

458 2243 586 2287 Idem
612 2258 750 2301 prope
777 2245 1038 2300 consilium,
1066 2247 1184 2304 quod
1209 2246 1521 2300 Bekkerus,
1547 2260 1626 2289 nos
1655 2259 1807 2289 sumus
1834 2243 1977 2288 secuti

344 2307 351 2318 ⁸
404 2321 454 2366 in
475 2335 532 2365 ea
551 2321 760 2375 editione,
790 2337 923 2378 quam
954 2325 1191 2382 Lipsiae
1219 2324 1457 2370 1821—26.
1488 2324 1603 2367 Voll.
1631 2323 1734 2366 ΧΠ.
1757 2321 1800 2366 8.
1828 2328 1998 2367 aum-'¹

406 2399 565 2444 tibus
602 2397 873 2456 Weigelii
900 2403 1166 2457 paravimus.
1198 2386 1346 2459 Quum
1375 2402 1493 2445 enim
1520 2399 1846 2457 Weigeliu‘s
1874 2399 1975 2455 plu-

407 2464 626 2520 rimorum
664 2476 866 2520 codicum
892 2478 1129 2534 lectiones,
1186 2493 1214 2523 a
1240 2480 1469 2532 Bastio‚
1522 2478 1581 2521 de
1606 2476 1813 2530 Furia,
1859 2476 1976 2520 Ru-

406 2554 638 2610 dolpho,
675 2554 776 2598 aliis
803 2561 1050 2613 excerptae,
1094 2562 1368 2614 comparatas
1394 2558 1606 2608 haberet,
1647 2553 1720 2598 his
1749 2552 1886 2610 copiis
1912 2553 1977 2597 ita

408 2631 481 2675 usi
509 2644 658 2675 sumus
673 2664 687 2685 ,
741 2636 793 2676 ut
822 2632 1038 2677 Graecam
1067 2635 1309 2678 orationem
1338 2635 1394 2679 ad
1419 2635 1639 2678 librorum
1666 2631 1799 2674 fidem
1826 2630 1977 2687 exige-

407 2723 557 2753 remus
610 2712 655 2752 et
705 2707 754 2752 in
805 2711 1129 2755 commentariis
1167 2713 1332 2756 criticis
1373 2713 1521 2757 varias
1573 2709 1788 2754 lectiones
1824 2721 1978 2752 omnes

410 2774 576 2843 quanta
612 2784 810 2832 maxima
836 2803 1061 2845 possemus
1098 2803 1199 2832 cum
1227 2790 1458 2848 diligentia
1483 2799 1810 2833 recenseremus
1824 2818 1840 2840 ,
1899 2785 1979 2829 ad-

408 2864 502 2909 dita
516 2864 682 2921 passim
705 2865 840 2909 etIam
859 2865 1217 2924 interpretatione
1244 2869 1445 2912 locorum
1463 2866 1779 2911 difficilimum.
1827 2864 1980 2920 Quan-

407 2955 548 2998 quam
573 2946 724 2985 autem
742 2939 790 2986 -in
815 2943 1018 2999 plurimis
1043 2945 1151 2988 locis
1179 2960 1281 2988 cum
1308 2948 1347 2990 B
1363 2944 1572 2990 ekkero
1601 2942 1853 3004 faciendum
1879 2940 1976 2993 suit,

408 3023 558 3063 tamen
597 3019 645 3062 in
683 3020 870 3077 singulis
911 3023 1174 3078 quibusdam
1212 3023 1342 3068 libris
1375 3023 1496 3067 haud
1523 3035 1664 3078 pauca
1690 3019 1820 3063 aliter
1847 3023 1978 3074 atque

409 3095 490 3140 ille
531 3097 835 3141 constituimus
875 3101 970 3142 tum
1010 3106 1187 3157 propter
1222 3079 1423 3145 codicum
1459 3103 1715 3143 nostrorum
1740 3096 1980 3141 auctorita-

388 3178 526 3235 tem,
584 3178 680 3218 tum
719 3176 776 3220 ob
805 3173 958 3220 iudicii
986 3178 1338 3236 discrepantiam.
1392 3177 1551 3222 Priora
1601 3165 1700 3219 octo
1749 3174 1979 3218 volumina

412 3245 762 3307 complectuntur
794 3236 1019 3313 Graecam*
1053 3257 1323 3314 orationem,
1380 3260 1511 3312 atque
1557 3254 1696 3298 etiam
1743 3251 1979 3308 separatim

409 3334 622 3384 veneunt,
666 3331 743 3377 sed
772 3328 938 3378 chartis
965 3332 1113 3379 minus
1142 3328 1379 3392 splendidis
1407 3334 1641 3397 impressa:
1687 3334 1875 3388 quatuor
1902 3342 1981 3386 po-
