2040 3646
271 166 400 211 xxn

282 306 559 351 rationem
587 301 905 360 explicuit,
959 305 1092 359 atque
1127 302 1457 348 doctrinam
1485 302 1744 365 idearum
1787 292 1960 366 argu-

279 391 487 440 mentis
516 388 863 432 confirmare
891 390 936 431 et
960 390 1018 453 ab
1055 389 1435 447 adversariorum,
1461 388 1680 446 imprImis
1708 392 1964 450 Megarico-

276 491 401 529 rum,
431 473 780 518 dubitationibus
809 473 1038 516 vindicare
1063 474 1228 517 studuit
1239 475 1294 530 Ἴ.
1350 474 1491 539 Ιζοτπο
1520 474 1622 516 inde
1646 476 1702 518 ab
1733 477 1821 520 hoc
1851 483 1963 521 tem·

281 575 388 618 pore
405 559 601 604 animum
626 558 760 602 etiam
778 556 939 601 adiecit
963 558 1020 601 ad
1050 558 1332 603 illustrandas
1364 573 1437 602 eas
1466 559 1776 616 philosophiae
1802 568 1963 618 partes,

282 659 396 702 quae
417 644 628 700 quoniam
648 644 702 687 ad
720 643 858 688 vitam
879 644 1123 687 humanam
1145 648 1278 700 atque
1304 659 1454 687 rerum
1485 644 1820 690 universitatem
1853 648 1966 690 refe·-

283 734 464 785 mutar,
494 729 655 772 merito
679 729 931 772 iudicantur
947 729 1089 786 longe
1112 729 1415 786 gravissimae.
1475 730 1626 784 Quum
1644 730 1762 789 enim
1786 731 1834 774 in
1859 731 1965 785 illis,

284 829 393 871 quas
412 815 466 857 de
487 814 689 858 idearum
707 814 908 859 doctrina
928 815 1069 856 denuo
1094 814 1371 867 instituerat,
1400 814 1760 858 meditationibus
1781 819 1824 858 et
1845 831 1967 859 com-

282 900 624 946 mentationibus
669 900 852 943 ideam
891 899 1092 948 summi
1120 900 1257 944 boni
1284 900 1518 956 reperisset
1548 900 1709 953 talem,
1757 915 1871 956 quae
1896 916 1970 944 ce·-

248 976 251 980 ’
285 988 403 1031 teras
425 1000 574 1031 omnes
597 985 812 1042 dignitate
838 989 882 1028 et
904 985 1168 1040 praestantia
1192 999 1271 1029 sua
1290 984 1551 1041 longissime
1578 989 1804 1042 superaret
1838 987 1970 1030 adeo·

287 1085 374 1127 que
398 1086 472 1116 eas
505 1070 677 1115 ambitu
705 1085 786 1114 suo
820 1071 1258 1126 complecteretur*')
1275 1102 1288 1122 ,
1342 1070 1447 1128 quid
1476 1070 1531 1112 in
1560 1069 1678 1113 vita
1704 1069 1968 1127 singulo-

288 1170 407 1203 rum
444 1155 759 1208 hominum,
817 1154 873 1197 in
912 1154 1225 1200 constituendis
1261 1155 1554 1211 regendisque
1598 1154 1969 1212 civitatibus,

289 1241 479 1297 denique
516 1241 564 1284 in
606 1240 876 1283 universa
902 1254 1093 1283 rerum
1120 1245 1330 1287 natura
1366 1240 1422 1283 ad
1459 1239 1585 1282 illam
1613 1239 1770 1282 referri
1798 1246 1972 1296 oporte·

287 1324 380 1380 ret,
407 1326 707 1383 peculiaribus
728 1325 935 1382 operibus
957 1324 1265 1380 explicandum
1285 1324 1373 1368 sibi
1397 1324 1580 1378 sumsit,
1607 1324 1740 1380 idque
1762 1325 1866 1368 fecit
1891 1326 1970 1380 sic,

288 1416 340 1455 ut
356 1416 452 1456 tum
472 1425 625 1454 rerum
646 1410 844 1457 civilium
863 1409 1162 1468 cognitionem
1192 1424 1276 1453 usu
1305 1413 1350 1452 et
1372 1409 1640 1466 experientia
1660 1413 1971 1469 comparatam,

289 1499 387 1542 tum
409 1497 587 1540 decreta
605 1496 995 1554 Pythagoreorum
1009 1529 1024 1550 ,
1062 1510 1251 1551 quorum
1278 1494 1520 1551 pleniorem
1542 1494 1745 1539 notitiam
1773 1495 1820 1541 in
1842 1496 1974 1540 Italia

289 1582 556 1638 accepisset,
586 1582 643 1625 ad
662 1596 736 1625 eas
752 1581 1065 1637 disputationes
1086 1580 1331 1624 adhiberet.
1390 1580 1573 1636 Scripsit
1596 1579 1736 1637 igitur
1759 1580 1839 1624 illo
1861 1585 1974 1624 tem-

290 1682 398 1727 pore
425 1668 560 1715 etiam
581 1667 823 1710 Philebum
838 1699 851 1720 ,
878 1665 1109 1719 Pontiam,
1140 1665 1402 1718 Timaeum,
1433 1678 1620 1721 quorum
1640 1665 1859 1708 librorum
1881 1671 1974 1711 tam

289 1757 413 1799 arcta
443 1756 509 1795 est
533 1751 809 1804 coniunctio,
856 1756 907 1797 ut
942 1751 1056 1797 alius
1086 1750 1239 1814 alium
1260 1750 1480 1806 excepisse
1509 1750 1723 1795 videatur.
1780 1751 1893 1795 Nam
1927 1751 1973 1795 in

289 1837 483 1885 Philebo
508 1837 712 1895 docetur,
751 1836 893 1892 qualis
930 1850 1024 1879 esse
1058 1836 1217 1879 debeat
1261 1835 1296 1878 h
1308 1850 1333 1878 o
1345 1835 1452 1880 min
1464 1850 1494 1878 u
1505 1849 1552 1879 m
1598 1849 1618 1877 s
1632 1835 1686 1878 in
1699 1850 1731 1893 g
1742 1837 1836 1879 ulo
1849 1851 1871 1878 r
1882 1851 1913 1879 u
1926 1851 1973 1879 m

290 1922 439 1976 vita,
470 1936 557 1979 quo
586 1923 643 1968 ad
671 1920 835 1967 summi
863 1921 972 1964 boni
1002 1921 1147 1967 ideam
1174 1921 1468 1977 perveniatur.
1524 1921 1577 1966 In
1602 1920 1731 1964 libris
1762 1922 1816 1964 de
1842 1936 1975 1978 repu-

290 2007 413 2054 blica
432 2011 582 2052 autem
604 2006 872 2063 explicatur,
924 2006 1141 2062 quomodo
1174 1985 1448 2062 civitates
1488 2005 1750 2065 constitutae
1777 2020 1872 2048 esse
1898 2006 1976 2051 de-

290 2093 451 2147 beant,
500 2096 552 2138 ut
579 2091 786 2148 civilis
819 2090 940 2138 vita
968 2095 1262 2148 consequatur
1291 2104 1392 2135 eam
1423 2089 1734 2146 praestantiam
1763 2094 1809 2134 et
1835 2090 1979 2134 virtu-

291 2181 408 2232 tem,
458 2191 572 2234 quae
605 2190 780 2221 summa
805 2181 951 2220 mente
982 2179 1026 2218 et
1059 2175 1327 2232 cogitatione
1353 2175 1464 2232 fingi
1490 2179 1645 2231 potest.
1701 2175 1903 2230 Denique
1928 2175 1975 2218 in

294 2263 508 2317 Timaeo,
536 2276 669 2319 quem
691 2261 938 2305 arctissime
972 2275 1075 2303 cum
1105 2260 1234 2304 libris
1269 2260 1324 2302 de
1355 2260 1520 2316 optima
1541 2259 1718 2303 civitate
1739 2261 1976 2303 cohaerere

291 2348 422 2395 Plato
436 2348 531 2405 ipse
549 2346 821 2404 significavit
830 2346 905 2402 ***)
918 2379 932 2402 ,
962 2346 1153 2401 disputat
1170 2345 1460 2401 philosophus
1483 2345 1546 2387 ita
1574 2344 1636 2386 de
1665 2358 1852 2386 rerum
1880 2359 1976 2387 na-

292 2436 454 2487 tura,
509 2436 562 2477 ut
597 2431 751 2474 mundi
780 2413 985 2487 opificem
1019 2430 1172 2472 doceat
1199 2428 1246 2471 in
1275 2429 1356 2471 illo
1390 2428 1619 2471 formando
1647 2428 1890 2484 respexisse
1920 2429 1976 2472 ad

292 2517 518 2575 exemplar
536 2515 701 2563 ‘mundi
731 2516 867 2573 longe
893 2514 1262 2572 perfectissimum
1289 2513 1580 2569 omnibusque
1604 2503 1813 2557 ‘numeris
1843 2515 1976 2556 abso-

291 2604 463 2657 lutum,
491 2602 727 2658 omniaque
747 2600 812 2644 ita
833 2599 1122 2656 disposuisse,
1158 2602 1209 2641 ut
1241 2611 1372 2654 quam
1396 2598 1562 2654 optima
1591 2602 1635 2641 et
1657 2598 1977 2654 perfectissima

292 2687 462 2734 fierent.
521 2688 649 2746 Quae
667 2685 709 2733 si
725 2698 831 2733 vera
849 2688 972 2740 sunt,
1011 2682 1301 2742 intelligitur,
1329 2682 1484 2741 opinor
1498 2713 1512 2737 ,
1541 2682 1976 2739 facillixnearctissi-

348 2956 731 3014 *)‘*Parmenidem
750 2969 837 2999 non
856 2953 1050 3013 potuisse
1073 2952 1208 2997 scribi
1228 2955 1328 2996 ante
1339 2952 1515 3009 olymp.
1527 2951 1677 2994 XCIV.
1698 2949 1741 2993 1.
1760 2964 1800 2993 a.
1824 2947 1976 2992 clota.

458 3015 565 3057 Chr.
600 3029 643 3057 n.
671 3018 791 3069 patet
823 3015 965 3055 eloco
989 3028 1029 3067 p.
1052 3011 1148 3055 127.
1167 3012 1221 3052 D.
1253 3009 1332 3053 ubi
1363 3009 1529 3051 mentio
1563 3007 1762 3050 iniicitur
1792 3006 1976 3063 triginta

458 3075 763 3127 tyrannorum.
821 3070 886 3112 Ex
921 3069 1076 3111 eodem
1107 3072 1257 3111 autem
1293 3067 1393 3110 loco
1417 3063 1603 3120 colligas
1627 3077 1730 3106 eum
1749 3063 1974 3118 aliquanto

455 3132 555 3184 post
576 3141 672 3170 esse
699 3126 1004 3183 compositum.

344 3226 403 3281 ··)
431 3226 479 3267 ν.
502 3226 569 3267 ne
591 3224 782 3279 nepum.
804 3223 876 3266 VI.
908 3238 951 3279 p.
972 3221 1071 3266 5⁰6.
1090 3203 1142 3266 Α.
1169 3236 1262 3277 sqq.
1291 3219 1388 3264 vn.
1416 3193 1773 3275 p.'517.13.sqq.
1803 3217 1976 3261 utrm-
2038 3257 2040 3280 ἐ

449 3281 571 3338 legg.
594 3282 651 3325 ad
670 3281 848 3324 Phileb.
878 3294 921 3336 p.
943 3279 1163 3324 LXXVII.
1190 3293 1284 3335 sqq.
1321 3285 1366 3321 et
1389 3276 1479 3321 XC.
1505 3289 1569 3331 sq.

349 3365 424 3420 Ψ)
454 3365 507 3409 Ρ.
529 3364 599 3409 17.
624 3364 675 3407 C.
698 3380 744 3420 p.
765 3363 834 3408 23.
856 3363 912 3408 D.
