2040 3646
1671 178 1818 226 xmn

131 323 314 368 invento
331 338 420 367 non
435 322 624 380 amplius
644 322 806 380 poterit
820 321 1013 365 dubitari
1028 356 1042 376 ,
1081 322 1187 379 quid
1220 309 1497 380 potissimum
1527 320 1818 380 philosophus

137 409 423 465 spectaverit,
454 416 586 465 atque
603 409 779 462 omnia,
816 421 929 463 quae
959 409 1146 452 obscura
1166 408 1308 451 videri
1328 408 1575 465 potuerint,
1601 420 1728 450 suam
1746 407 1819 449 lu-

130 508 236 537 *cem
255 494 499 538 habebunt.

309 578 395 621 Sed
424 577 646 634 quoniam,
674 577 894 633 quomodo
932 577 979 621 in
1016 577 1089 620 his
1130 576 1334 621 omnibus
1370 576 1632 620 versandum
1668 574 1750 628 sit,
1790 589 1818 617 e

134 662 441 718 superioribus
468 663 572 706 satis
589 663 784 719 intelligi
806 667 970 719 potest,
999 677 1086 704 non
1107 663 1306 719 estquod
1326 662 1490 704 diutius
1514 661 1561 703 in
1596 659 1668 703 his
1690 674 1819 716 prae-

136 747 276 802 ceptis
299 748 572 804 explicandis
591 760 832 791 versemur.
890 748 1112 802 Quocirca
1130 747 1195 789 nil
1213 751 1411 802 superest
1433 746 1520 789 nisi
1540 750 1613 798 ut,
1644 745 1749 800 quid
1771 745 1817 788 in

141 831 228 874 hac
238 832 455 874 librorum
468 833 796 875 Platonicorum
819 832 1011 874 editione
1033 832 1173 874 secuti
1193 831 1345 884 simus,
1359 831 1511 886 paucis
1531 831 1819 873 declaremus.

307 918 482 973 Duplex
508 922 655 959 autem
675 922 874 959 nostrum
895 917 978 959 fuit
1000 907 1218 968 officiumr,
1246 915 1453 967 alterum,
1473 915 1588 970 quod
1623 914 1819 957 cernitur

137 998 186 1043 in
203 1001 373 1045 Graeca
392 1001 591 1045 oratione
611 1002 666 1044 ad
684 1002 817 1044 fidem
839 1001 1106 1057 optimorum
1123 1001 1342 1044 librorum
1362 999 1580 1056 exigenda
1593 1003 1637 1042 et
1655 999 1822 1041 exami-

136 1085 307 1139 nanda3
335 1087 550 1139 alterum,
579 1087 695 1142 quod
726 1088 915 1130 refertur
932 1087 986 1129 ad
1004 1088 1241 1130 verborum
1269 1088 1401 1140 atque
1423 1097 1577 1127 rerum
1605 1082 1821 1139 interpre-

139 1169 366 1215 tationem.
415 1173 558 1227 Atque
579 1173 770 1228 primum
790 1172 900 1214 illud
925 1186 1004 1228 per
1022 1171 1258 1214 consilium
1276 1169 1414 1212 huius
1433 1167 1637 1211 editionis
1658 1168 1822 1211 arctio-

138 1255 264 1298 ribus
284 1257 500 1299 limitibus
528 1257 977 1300 circumscribendam
1003 1256 1109 1299 fuit:
1167 1256 1358 1298 alterum
1387 1253 1472 1297 etsi
1499 1256 1544 1295 et
1562 1253 1708 1309 ipsum
1730 1254 1822 1294 exi-

140 1343 277 1397 gebat
293 1342 579 1395 bmvitatem,
606 1347 751 1386 tamen
771 1356 858 1384 non
883 1342 946 1385 ita
962 1342 1045 1385 fuit
1077 1338 1278 1397 angustis
1310 1336 1475 1382 finibus
1494 1337 1822 1389 includendum,

141 1425 249 1481 quin
271 1426 575 1483 disputationis
603 1429 851 1471 ubertatem
876 1427 1100 1482 quandam
1123 1427 1310 1480 caperet.
1392 1423 1548 1478 Itaque
1577 1421 1823 1465 orationem

139 1511 340 1554 Platoni·
358 1513 451 1555 fere
468 1512 603 1555 talem
625 1511 931 1565 exhibuimus,
960 1512 1137 1567 qualem
1153 1508 1351 1552 dedimus
1376 1507 1423 1550 in
1454 1520 1638 1563 operum
1671 1507 1824 1549 Plato-

140 1595 343 1640 nicorum
360 1597 552 1641 editione
572 1597 728 1654 Weig
739 1596 844 1640 elii
872 1597 1012 1639 nostri
1041 1594 1227 1639 consilio
1256 1598 1302 1637 et
1322 1591 1583 1636 auctoritate
1608 1594 1826 1648 suscepta,

139 1682 228 1725 hoc
256 1688 324 1726 est
351 1683 405 1727 ad
433 1683 565 1725 fidem
593 1683 887 1739 plurimorum
926 1680 1128 1724 codicum
1162 1677 1564 1734 manuscriptorum
1602 1675 1827 1720 examina-

138 1770 232 1811 tam
261 1773 305 1812 et
335 1768 623 1814 emendatam.
681 1768 831 1823 Quum
848 1780 953 1809 vero
973 1765 1128 1809 critica
1156 1764 1379 1820 supellex,
1406 1761 1666 1819 praesertim
1686 1759 1826 1817 copiis

139 1853 429 1898 Bekkerianis
454 1850 763 1897 accedentibus
780 1884 794 1905 ,
820 1851 986 1894 lautior
1007 1855 1123 1894 esset
1150 1862 1284 1905 quam
1302 1851 1353 1890 ut
1383 1847 1556 1900 omnia,
1591 1859 1705 1900 quae
1722 1844 1826 1888 inde

130 1935 369 1992 'seligenda
387 1936 669 1988 viderentur,
701 1936 877 1991 copiose
898 1941 1074 1992 possent
1097 1933 1334 1990 explicari,
1372 1932 1460 1976 hac
1485 1930 1555 1974 usi
1575 1945 1729 1973 sumus
1754 1944 1829 1973 ra-

139 2019 285 2072 tione,
313 2024 363 2062 ut
382 2019 576 2076 primum
601 2020 777 2062 nonnisi
797 2020 1013 2076 potiorem
1046 2017 1249 2063 lectionis
1280 2017 1541 2062 varietatem
1571 2029 1829 2072 excerpere-

141 2119 266 2157 mus3
294 2104 451 2147 deinde
469 2103 516 2146 in
547 2118 601 2147 ea
625 2105 872 2148 enarranda
894 2109 938 2148 et
962 2104 1242 2148 diiudicanda
1260 2100 1469 2146 brevitati
1491 2104 1702 2155 quantum
1727 2099 1829 2143 fieri

142 2195 291 2247 posset
318 2189 605 2232 studeremus.
659 2189 815 2244 Itaque
843 2188 999 2234 critica
1022 2187 1263 2240 annotatio,
1290 2199 1424 2242 quam
1451 2184 1828 2237 adiecimus,⁴fere

133 2278 212 2318 *est
240 2273 472 2329 eiusmodi,
502 2288 616 2329 quae
643 2274 908 2317 demonstret
934 2273 1141 2325 maxime,
1169 2275 1388 2328 quatenus
1413 2274 1564 2313 nostra
1588 2270 1828 2312 verborum

140 2360 356 2404 recensio·
380 2357 452 2402 vel
491 2373 519 2402 a
554 2358 778 2401 communi
815 2362 1014 2401 veterum
1051 2357 1315 2408 editionum,
1353 2354 1564 2409 Aldinae,
1600 2353 1831 2399 Basileen-

144 2446 286 2499 sium,
315 2443 663 2500 Stephanianae,
691 2443 894 2499 lectione,
923 2443 996 2486 vel
1030 2442 1163 2486 etiam
1181 2455 1210 2485 a
1236 2441 1332 2484 sola
1360 2437 1573 2495 Stephani
1595 2437 1829 2494 scriptura,

143 2545 280 2587 quam
307 2530 400 2573 fere
443 2529 747 2586 vulgatam
782 2528 997 2582 diximus,
1035 2527 1232 2580 recedat,
1271 2539 1358 2582 quo
1397 2523 1542 2582 magis
1574 2522 1828 2580 legentibus

144 2618 314 2674 pateat,
343 2613 448 2670 quid
474 2613 797 2657 recentioribus
832 2613 1106 2670 temporibus
1146 2626 1229 2668 ope
1269 2598 1472 2653 codicum
1507 2608 1830 2664 manuscripto-

142 2715 246 2744 rum
272 2700 320 2742 in
347 2699 534 2743 Platone
560 2702 770 2743 novatum
799 2698 857 2742 sit
883 2703 1014 2754 atque
1036 2697 1328 2741 emendatum.
1386 2695 1488 2751 Qua
1513 2692 1561 2736 in
1585 2707 1638 2736 re
1663 2691 1830 2737 versati

145 2799 297 2830 sumus
320 2783 407 2836 sic,
435 2787 487 2827 ut
513 2787 590 2826 aut
617 2784 846 2840 vulgatam
868 2784 1105 2827 lectionem
1132 2775 1392 2838 simpliciter
1408 2777 1719 2831 indicaremus,
1747 2776 1828 2822 ubi

144 2883 217 2912 res
233 2868 330 2926 ipsa
349 2872 393 2911 et
420 2867 622 2910 codicum
643 2868 870 2912 consensio
898 2869 1067 2911 nullam
1084 2866 1335 2911 admitteret
1348 2865 1403 2907 de
1427 2862 1609 2907 alterius
1625 2861 1829 2905 lectionis

146 2953 332 2997 veritate
349 2951 682 3005 dubitationem,
712 2958 788 2997 aut
808 2955 943 2997 verbo
964 2953 1210 2996 diceremus
1230 2950 1403 2994 codices
1423 2948 1497 2992 vel
1519 2947 1734 3005 plurimos
1756 2947 1830 2990 vel

147 3037 337 3094 optimos
364 3037 439 3079 vel
465 3024 652 3093 optimos
679 3041 812 3093 atque
837 3037 1076 3094 plurimos,
1114 3037 1186 3081 vel
1212 3035 1347 3079 etiam
1373 3046 1538 3091 paucos
1566 3032 1830 3087 eosdemque

148 3122 337 3179 optimos
363 3121 479 3165 hanc
503 3122 582 3167 vel
595 3122 722 3168 illam
734 3122 974 3170 lectionem
990 3123 1251 3167 confirmare
1268 3121 1334 3178 *);
1361 3116 1564 3177 singulos
1582 3116 1758 3163 nonnisi
1773 3115 1831 3161 iis

206 3324 245 3380 ⁸)
274 3321 370 3390 Qui>
394 3322 566 3391 codices
585 3323 743 3392 optimi
764 3323 959 3370 habendi
979 3322 1067 3368 sint
1083 3327 1137 3376 ¹et
1153 3322 1210 3368 ad
1232 3320 1528 3367 emendandos
1544 3320 1685 3364 libros
1709 3333 1737 3363 a
1753 3332 1832 3363 no-

316 3380 388 3426 bis
409 3379 550 3428 editos
570 3380 813 3437 utilissimi,
832 3381 1127 3428 indicavimus
1147 3380 1196 3425 in
1219 3379 1364 3425 indice
1381 3378 1624 3424 editionum
1643 3383 1688 3422 et
1707 3390 1834 3434 prae-
