2040 3646
255 154 323 207 52
915 139 1270 197 PLATole

257 284 488 344 λίσκετο·
553 276 619 339 τὸ
652 275 759 357 γὰρ
790 299 899 337 των
929 277 1142 340 παίδων
1190 278 1346 352 τέλος
1383 276 1592 360 αδηλον
1627 277 1686 342 οἷ
1715 285 1937 367 τελευτᾷ

257 366 453 437 κακίας
474 363 569 423 καὶ
601 359 798 442 ἀρετῆς
828 366 1020 443 ψυχῆς
1057 386 1112 423 τε
1136 363 1263 442 πέρι
1298 365 1392 423 καὶ
1428 365 1692 442 σώματος.
1749 369 1805 427 οἱ
1841 370 1940 445 μὲν

260 452 368 511 οὐν
390 447 596 528 οῗγαθοὶ
626 445 733 508 τὸν
745 446 918 524 νόμον
953 453 1159 508 τοῦτον
1196 447 1357 508 αυτοὶ
1391 446 1580 524 αὐτοῖς
1617 449 1826 525 ἑκόντες
1855 455 1938 512 τί-

259 543 480 608 θενται,
531 535 674 612 χρῆν
711 533 771 592 δὲ
795 533 889 591 καὶ
919 531 1158 606 τούτους
1185 556 1321 606 τους
1356 534 1680 615 πανδήμους
1715 535 1941 613 ἐραστὰς

261 616 721 700 προςαναγκάζειν
756 613 820 676 τὸ
851 621 1122 691 τοιοῦτον,
1158 614 1334 696 ωςπερ
1365 620 1460 677 καὶ
1491 641 1603 679 των
1637 621 1941 700 ἐλευθέρων

337 708 539 766 ναικῶν
562 700 1083 812 προςαναγκάζομεν
1097 725 1308 775 αυτους
1340 701 1470 762 καθ’
1495 701 1630 764 ὅσον
1655 705 1942 782 δυνάμεθα

105 719 241 778 7182
262 729 341 896 ἕξ]
369 790 514 869 ἐρᾶν.
555 790 714 848 οὑτοι
736 785 839 866 γάρ
863 788 999 846 εἰσιν
1031 787 1086 846 οἱ
1110 789 1203 846 καὶ
1236 784 1300 846 τὸ
1334 785 1545 862 ὄνειδος
1568 789 1942 870 πεποιηκότες,

260 897 390 949 ωςτε
415 870 566 947 τινας
601 876 807 951 τολμᾶν
846 871 1048 950 λέγειν,
1101 896 1177 944 ως
1212 870 1439 949 αι’σχρόν
1472 875 1792 951 χαρίζεσθαι
1813 876 1942 954 ἐρα-

261 965 432 1033 σταῖς.
495 958 721 1038 λέγουσι
755 957 815 1016 δὲ
851 958 927 1029 εἰς
963 954 1201 1030 τούτους
1233 954 1658 1034 ἀποβλέποντες,
1713 957 1945 1037 ὁρῶντες

265 1043 448 1106 αυτεόν
468 1041 570 1125 τὴν
592 1040 846 1122 ἀκαιρίαν
867 1041 961 1100 καὶ
985 1038 1216 1101 αδικίαν·
1259 1042 1371 1101 ἐπεὶ
1395 1040 1469 1102 οὐ
1493 1042 1679 1123 δήπου
1704 1046 1944 1122 κοσμίως

263 1153 323 1211 γε
354 1131 449 1189 καὶ
485 1128 726 1205 νομίμως
767 1124 958 1185 ὁτιοῦν
998 1130 1220 1205 πρᾶγμα
1253 1127 1621 1235 πραττόμενον
1659 1125 1908 1207 ’ψόγον
1873 1152 1942 1189 αν

264 1215 488 1287 δικαίως
510 1213 689 1292 φέροι.
775 1211 902 1270 Καὶ
916 1205 986 1289 δὴ
1007 1211 1101 1269 καὶ
1139 1209 1171 1270 ὃ
1197 1213 1321 1288 περὶ
1343 1209 1440 1271 τὸν
1473 1212 1644 1288 ε’ρωτα
1679 1212 1848 1290 νόμος
1886 1214 1944 1286 ἐν

265 1323 364 1377 μεν
390 1304 507 1371 ταῖς
532 1295 723 1368 αλλαις
744 1294 938 1354 πόλεσι
958 1300 1158 1375 νοῆσαι
1194 1293 1399 1377 ραδιος
1453 1294 1609 1355 απλ”
1565 1321 1639 1369 ως
1670 1321 1773 1376 γαρ
1811 1322 1941 1376 ωρι-

193 1399 243 1453 Β
266 1399 406 1447 σται·
477 1381 509 1444 ὃ
546 1380 596 1444 δ’
634 1379 832 1443 ἐνθάδε
875 1380 970 1442 καὶ
1003 1377 1036 1442 ὁ
1079 1380 1136 1441 ἐν
1176 1382 1542 1460 Λακεδαίμονι
1575 1383 1842 1457 ποικίλος.
1887 1383 1946 1444 ἐν

1506 1496 1529 1537 ’Κ

322 1634 438 1694 χρῆν
461 1630 511 1679 δε
534 1632 614 1679 καὶ
633 1630 859 1703 τούτους]
901 1632 977 1678 Sic
994 1634 1123 1677 Bodl.
1140 1648 1240 1677 cum
1260 1632 1460 1690 pluribus
1478 1631 1578 1677 aliis
1601 1631 1731 1676 libris
1752 1634 1943 1703 optimae

259 1698 410 1796 gigap-
431 1693 612 1794 ariuliffio
637 1688 740 1751 χρή.
797 1690 967 1738 Deinde
991 1693 1095 1737 Bas.
1115 1690 1158 1735 2.
1187 1696 1233 1735 et
1257 1691 1389 1748 pauci
1426 1691 1550 1734 codd.
1585 1691 1679 1735 τῶν
1703 1688 1941 1737 τοιούτων.

324 1823 435 1878 ὦ’ςτε
453 1823 583 1877 τινάς
606 1826 809 1882 τολμᾶν]
840 1827 918 1874 Sic
943 1826 1050 1872 libri
1071 1825 1226 1883 optimi
1247 1841 1327 1883 pro
1348 1826 1470 1883 vulg.
1493 1841 1604 1876 ωςτε
1627 1823 1747 1870 τινά.

266 1957 293 1987 e
293 1881 569 1988 111οέἰι(Ιιιῖιιέἇιιιιιιιιι
604 1883 801 1942 κοσμίως
833 1887 910 1940 γε]
954 1886 1006 1929 V.
1039 1885 1236 1942 κοσμίως
1270 1899 1344 1942 τε,
1384 1884 1501 1940 quod
1531 1898 1586 1928 cx
1608 1883 1786 1941 optimis
1812 1883 1945 1928 libris

1139 2104 1219 2148 καὶ
1238 2104 1328 2148 τῶν
1348 2099 1601 2161 ἐλευθέρων
1617 2118 1656 2158 γ.
1678 2117 1726 2148 π.
1741 2097 1804 2159 μὴ
1819 2098 1943 2161 ἐρᾶν.

265 2102 510 2171 plurimum
543 2100 677 2146 studii
710 2102 876 2146 frustra
920 2113 1077 2148 consu-

1139 2162 1228 2206 Sed
1247 2163 1362 2205 nihil
1383 2161 1653 2206 mutandum:

265 2168 417 2205 matur
455 2161 502 2204 in
531 2175 680 2204 amore
717 2161 1075 2213 adolescentium,

265 2220 455 2274 ideoque
493 2218 632 2261 utitur
684 2217 952 2273 imperfecto.
983 2218 1072 2260 vid.

265 2277 575 2320 Hermann.
614 2275 670 2317 ad
704 2275 854 2330 Vigor.
929 2274 1072 2317 .806.

1195 2279 1247 2321 P.
1267 2275 1364 2319 182.
1406 2275 1675 2348 χαρίζεσθαι
1697 2271 1939 2347 ἐρασταῖς]

265 2331 703 2386 Rost.§.122.12.
745 2290 1076 2387 Itaquepss’amqu-

1139 2332 1428 2378 Timaeus:
1485 2333 1765 2391 χαρίζεσθαι·
1815 2331 1942 2380 ἰδίως

1139 2390 1215 2437 ἐπὶ
1249 2391 1277 2435 α’
1282 2391 1546 2449 φ’.ροδισιων
1587 2404 1630 2432 v.
1659 2388 1940 2431 Ruhnken.

1138 2465 1181 2506 p.
1207 2408 1316 2492 195φ
1334 2449 1520 2491 Prorsus
1541 2447 1695 2490 eodem
1714 2445 1844 2487 modo
1855 2445 1942 2486 La·-

1139 2506 1222 2552 tini
1245 2510 1427 2547 utuntur
1456 2501 1814 2572 obsequendi
1840 2515 1942 2543 ver-

267 2402 399 2433 σκετο
434 2389 708 2432 retinuimus.
765 2391 1000 2458 Protagor.
1029 2404 1072 2444 p.

265 2446 366 2490 317.
389 2447 443 2489 Β.
465 2440 578 2490 ἄλλά
603 2459 650 2489 σε
654 2443 811 2516 ἐχρῆν
834 2442 945 2515 ἡμῖν
970 2458 1073 2500 συγ-

265 2507 429 2562 χωρεῖν
446 2501 526 2547 τὸν
538 2498 777 2575 αμφότερα
800 2500 1072 2573 δυνάμενον,

267 2561 347 2605 ἵνα
366 2560 526 2629 μηδεὶς
548 2556 719 2610 αὐτούς
741 2559 1022 2631 διέφθειρεν.

320 2616 517 2687 τούτους
538 2614 647 2668 τοὺς
666 2617 939 2687 πανδήμους
971 2614 1075 2676 ἐρα·

265 2666 402 2730 στας]
434 2675 579 2717 Etiam
592 2676 679 2717 hoc
693 2676 790 2718 loco
813 2667 949 2724 οὗτος
970 2687 1073 2717 cum

266 2737 489 2775 contemtu
519 2732 684 2774 dictum
707 2737 784 2776 cst.
835 2732 1001 2775 Criton.
1027 2746 1071 2801 p.

265 2787 334 2833 45.
366 2790 418 2833 A.
470 2784 555 2845 οὐχ
584 2784 698 2847 ὁρᾷς
732 2786 930 2840 τούτους
961 2786 1073 2837 τοὺς

265 2842 563 2902 συκοφάντας
616 2833 677 2896 ὥς
730 2842 937 2896 εὐτελεῖς.
992 2844 1072 2887 ubi

264 2917 309 2949 v.
332 2907 478 2947 annot.
537 2903 914 2948 Constructionem
943 2901 1075 2944 verbi

264 2953 538 3015 ἀναγκάζειν
585 2966 630 3004 et
682 2959 1072 3028 προςαναγκάζειν

254 3031 368 3060 ·cum
391 3017 557 3073 duplici
581 3018 833 3061 accusativo
862 3032 917 3060 nc
937 3017 1073 3059 mire-

262 3073 351 3127 ri‚s
388 3075 442 3117 cf.
466 3075 581 3117 infra
618 3090 655 3117 c.
677 3075 880 3142 XXXIX.
923 3075 1072 3117 ταῦτα

264 3127 323 3187 δὴ
337 3126 735 3187 αναγκαζομένους
750 3127 932 3180 αὐτούς.
963 3132 1073 3174 ΡΙιι-

262 3201 317 3231 ru
370 3189 537 3232 dabunt
591 3188 717 3231 Hei
741 3202 769 3230 ιι
793 3189 952 3230 dors.
1012 3187 1070 3229 ad

263 3243 528 3345 1³13?sser
499 3242 664 3302 p..235
704 3249 749 3288 ct
775 3244 1069 3289 Matthiae

318 3353 372 3402 τὸ
391 3358 622 3413 τοιοῦτον,
647 3372 833 3416 ωςπερ-
839 3357 882 3425 ]
903 3359 1070 3432 Exspe-

260 3417 438 3459 cuibus:
470 3394 658 3475 οἷόνπερ
679 3413 775 3460 ἐστὶ
796 3413 963 3467 τοῦτο,
993 3414 1069 3462 ὅτι

1137 2565 1211 2607 bo.
1244 2562 1487 2618 opponitur
1509 2556 1770 2616 ἀχαριστεῖν
1791 2573 1828 2600 c.
1843 2558 1940 2601 XII.

1138 2635 1180 2664 v.
1203 2621 1437 2686 Lennep.
1463 2617 1518 2660 ad
1539 2616 1718 2660 Phalar.
1743 2629 1784 2671 p.
1811 2614 1882 2659 13.

1198 2673 1296 2719 ἐπεὶ
1313 2669 1367 2719 ού
1390 2672 1543 2743 δήπου
1563 2673 1757 2729 κοσμίως
1768 2673 1842 2728 γε]
1871 2671 1942 2713 De

1138 2732 1366 2790 particulis
1396 2729 1451 2775 ού
1486 2728 1700 2787 δήπου-
1721 2745 1770 2786 γε
1807 2744 1848 2771 ν.
1883 2727 1941 2771 ad

1135 2791 1321 2846 Apolog.
1350 2791 1519 2832 Socrat.
1540 2803 1577 2831 c.
1601 2789 1649 2830 V.
1674 2787 1733 2830 in.
1789 2785 1942 2830 Minus

1135 2850 1254 2892 bona
1279 2847 1460 2903 vulgata
1482 2845 1613 2888 lectio
1634 2849 1714 2888 est.

1193 2961 1246 3005 B.
1307 2955 1332 3003 ὃ
1368 2954 1406 3003 δ’
1441 2956 1612 3003 ἐνθάδε
1642 2981 1673 2992 -
1704 2953 1938 3023 ποικίλος]

1135 3017 1183 3061 Ιι.
1214 3033 1251 3060 e.
1292 3016 1579 3059 difficilis
1615 3016 1679 3058 ad
1713 3012 1942 3057 intelli-

1137 3075 1374 3142 gendum
1412 3077 1734 3129 propterea,
1793 3067 1941 3126 quod

1135 3146 1165 3174 v
1178 3131 1428 3174 arietata
1480 3144 1582 3174 sua
1629 3127 1794 3184 quasi
1844 3127 1942 3168 dc-

1134 3188 1295 3231 ludit.
1346 3188 1491 3230 Vana
1513 3186 1655 3242 capite
1670 3190 1863 3227 extremo
1882 3184 1941 3226 ab

1136 3259 1252 3346 pp?
1258 3244 1518 3345 δΡειιδιειιιιίεΞ1
1538 3239 1938 3340 explicanturms'icz

1159 3318 1184 3345 ν
1225 3319 1255 3345 α
1288 3317 1307 3346 ε
1367 3318 1386 3345 ε
1408 3317 1468 3344 πο
1497 3318 1525 3345 υ
1552 3315 1732 3344 τουτων
1757 3314 1815 3341 κα
1868 3310 1942 3339 ιον

1133 3358 1498 3428 νενομοθέτηται
1522 3360 1613 3409 καί
1655 3351 1767 3414 ὅπερ
1793 3351 1941 3408 εἷπον,

1133 3410 1192 3461 ού
1220 3412 1383 3475 ῥᾴδιον
1413 3416 1716 3490 κατανοῆσαι.
1762 3411 1939 3456 Phileb.
