2040 3646
1662 170 1804 217 xux

227 307 416 352 steriora
430 306 653 353 continent
666 306 868 353 criticam
883 307 1213 354 annotationem
1232 308 1370 368 longe
1379 310 1678 366 uberrimamff
1695 324 1802 357 ven-

228 380 391 423 duntur
426 384 573 422 autem
612 394 700 424 non
737 379 826 423 nisi
862 393 954 424 una
991 394 1094 423 cum
1121 381 1334 437 exemplis
1363 382 1563 427 Graecae
1589 383 1802 430 orationis

223 451 452 506 splendide
486 450 726 506 impressis.
781 450 953 495 Novam
988 450 1229 494 editionem
1265 452 1574 498 universorum
1600 453 1800 507 Platonis

224 535 410 577 operum
447 522 633 565 molitur
659 523 743 565 Fr.
771 520 994 576 Aetius,
1020 522 1072 567 V.
1104 518 1205 575 CL,
1243 523 1322 578 qui
1349 524 1596 567 orationem
1656 525 1801 575 Grae-

221 605 322 635 cam
357 592 483 635 brevi
521 592 804 636 annotatione
832 592 993 636 critica
1018 590 1280 636 instructam
1307 598 1352 636 ct
1377 594 1536 639 Latine
1562 609 1592 639 a
1618 609 1675 643 se
1694 609 1801 638 con-

223 674 400 704 versam
427 662 567 706 edidit
593 667 693 705 octo
713 664 1013 707 voluminibus
1040 663 1161 721 Lips.
1189 663 1452 708 1819-—26.
1508 666 1651 710 Addet
1670 679 1799 723 prae-

220 734 343 777 terea
368 733 697 778 annotationem
723 738 856 791 atque
882 734 1071 780 indicese
1099 747 1215 792 quae
1240 734 1398 794 cupide
1423 742 1739 793 exspectamus.

109 987 441 1034 Translatio
472 991 666 1034 Ficim'
702 991 899 1049 primum
936 991 1102 1050 prodiit
1127 992 1326 1038 Florent.
1356 991 1483 1038 1482.
1543 992 1796 1041 Observan-

215 1059 322 1103 dum
360 1067 427 1104 est
465 1066 616 1105 autem
655 1076 758 1105 eam
795 1061 899 1106 inde
936 1065 993 1107 ab
1032 1078 1075 1108 a.
1114 1061 1243 1121 1532.
1280 1066 1373 1108 fere
1400 1064 1618 1122 prodiisse
1645 1081 1795 1110 corre-

212 1135 330 1174 ctam
359 1135 404 1175 et
433 1133 814 1177 accommodatam
842 1133 899 1178 ad
929 1134 1147 1178 Graecam
1174 1134 1434 1190 orationem,
1462 1137 1642 1193 qualem
1672 1137 1793 1194 Opo-

208 1201 333 1245 rinus
363 1206 408 1245 et
434 1203 515 1246 alii
542 1205 910 1248 conformassent=
950 1205 1067 1249 unde
1085 1209 1229 1261 patet,
1274 1207 1392 1263 quod
1420 1221 1557 1263 supra
1585 1207 1790 1263 diximus,
1874 1261 1881 1266 ,

135 1312 137 1314 .
206 1273 385 1317 nonnisi
411 1274 582 1330 priores
610 1274 825 1318 editiones
861 1275 1030 1318 habere
1058 1276 1260 1320 criticam
1289 1277 1529 1320 utilitatem
1572 1283 1616 1322 et
1642 1293 1787 1323 usum.

202 1346 361 1400 ‘Quum
404 1345 524 1387 enim
564 1343 782 1401 interpres
823 1347 964 1389 verba
1011 1347 1105 1390 fere
1142 1347 1291 1390 verbis
1330 1347 1600 1404 reddiderit,
1655 1363 1789 1406 saepe

207 1413 317 1469 qnid
354 1413 405 1458 in
440 1415 670 1460 codicibus
710 1415 803 1460 suis
842 1416 1057 1474 scriptum
1094 1417 1338 1476 repererit,
1392 1416 1526 1463 facile
1567 1419 1788 1463 coniicere

201 1484 324 1528 licet.

90 1554 407 1599 Conversio
441 1555 645 1600 Platonis
679 1570 708 1601 a
735 1557 873 1601 Iano
900 1556 1175 1603 Ceruario
1214 1557 1334 1603 edita
1370 1557 1510 1605 Basil.
1547 1556 1675 1605 1561.
1705 1558 1783 1606 fol.

196 1626 385 1670 liberior
425 1630 493 1670 est
530 1632 575 1670 et
611 1627 762 1684 magis
804 1643 981 1673 sensum
1023 1644 1159 1686 quam
1186 1632 1326 1692 verba
1353 1629 1511 1673 reddit.
1569 1632 1685 1675 Usus
1715 1635 1783 1677 est

200 1697 523 1742 Cornarius
553 1699 705 1741 codice
732 1699 1212 1756 Hassistenianm
1272 1690 1398 1748 cuius
1439 1700 1652 1744 lectiones
1676 1704 1781 1758 'pas-

201 1768 289 1812 sim
327 1774 645 1813 commemorat
682 1769 730 1812 in
769 1771 907 1814 Eclo
922 1770 1014 1828 gis
1051 1770 1106 1814 in
1147 1768 1419 1827 dialogos
1447 1772 1571 1815 Pla
1587 1778 1606 1816 t
1624 1787 1650 1815 o
1667 1773 1778 1816 nis

201 1853 358 1885 omne
371 1854 416 1896 s,
476 1853 586 1896 quas
621 1840 802 1884 Platoni
839 1856 920 1884 suo
956 1839 1131 1885 adiecit.
1191 1841 1250 1884 Et
1291 1841 1329 1883 E
1347 1855 1369 1882 c
1383 1841 1438 1883 lo
1454 1855 1556 1898 gas
1597 1844 1777 1899 quidem

200 1911 236 1954 G
248 1907 381 1954 orna
392 1908 470 1953 rii
494 1910 731 1968 separatim
757 1910 894 1955 edidit
919 1911 955 1956 Ι.
982 1912 1066 1958 Fr.
1086 1913 1125 1954 F
1138 1907 1186 1954 is
1199 1910 1265 1952 ch
1276 1922 1372 1953 eru
1384 1925 1417 1954 s·
1447 1912 1568 1968 Lips.
1587 1913 1714 1958 1771.
1731 1914 1774 1958 8.

81 1982 322 2026 Praeterea
358 1978 646 2023 memoranda
682 1985 749 2024 est
791 1979 1021 2025 conversio
1052 1982 1319 2025 Germanica
1344 1982 1383 2024 F
1395 1996 1430 2025 r.
1463 1983 1494 2026 S
1507 1998 1531 2025 c
1543 1984 1606 2027 hl
1620 1998 1644 2027 e
1654 1984 1671 2027 i
1683 1997 1707 2027 e
1719 1999 1743 2027 r
1752 2010 1776 2019 -

196 2052 352 2095 mach
367 2051 476 2104 eri,
531 2051 657 2094 cuius
686 2050 831 2095 adhuc
860 2053 1116 2110 prodierunt
1144 2053 1200 2098 T.
1237 2051 1272 2097 Ι.
1310 2068 1383 2109 pp.
1419 2051 1446 2095 1
1469 2057 1513 2096 et
1535 2053 1576 2097 2.
1629 2054 1683 2099 T.
1711 2056 1770 2099 ΙΙ.

197 2139 269 2180 pp.
287 2122 330 2166 1.
355 2121 400 2164 2.
419 2126 463 2165 et
482 2119 525 2165 3.
569 2122 622 2165 In
645 2121 971 2179 prolegomenis
999 2122 1246 2178 disputatur
1273 2122 1508 2178 praecipue
1535 2123 1590 2166 de
1616 2125 1772 2168 ordine

191 2192 461 2249 scriptorum
496 2191 832 2236 Platonicorum
868 2197 988 2235 recte
1033 2192 1315 2237 instituendo.
1374 2192 1573 2249 Singulis
1619 2200 1769 2239 autem

192 2262 387 2320 dialogis
424 2266 599 2319 praeter
639 2261 1010 2306 introductionem
1060 2262 1258 2306 adiectae
1295 2267 1397 2306 sunt
1439 2265 1768 2310 observationes

192 2334 374 2378 criticae
401 2337 444 2376 ct
471 2333 820 2390 philosophicae.
877 2334 914 2377 A
926 2349 953 2390 p
967 2334 1053 2376 olo
1067 2331 1123 2391 gi
1136 2347 1163 2377 a
1202 2334 1234 2377 S
1248 2349 1274 2377 o
1287 2349 1311 2376 c
1321 2348 1344 2376 r
1355 2349 1381 2377 a
1393 2338 1410 2376 t
1420 2332 1437 2377 i
1448 2349 1468 2377 s
1507 2334 1572 2377 ibi
1599 2335 1768 2392 legitur

193 2407 249 2450 T.
271 2406 308 2448 Ι.
349 2405 400 2448 P.
424 2405 482 2448 Π.
529 2419 572 2461 p.
591 2403 677 2447 187
694 2419 787 2460 sqq.
848 2405 1007 2449 Crito
1043 2404 1151 2447 ibid.
1189 2420 1233 2461 p.
1258 2405 1344 2447 233
1369 2420 1463 2460 sqq.
1531 2406 1613 2449 Ph
1628 2407 1765 2449 aedo

191 2478 248 2523 Τ.
269 2477 328 2520 11.
357 2476 410 2521 P.
428 2475 510 2520 111.
539 2490 582 2532 p.
606 2474 635 2519 5
653 2490 745 2531 sqq.
774 2474 980 2533 Sympo
996 2473 1139 2519 sium
1168 2475 1226 2517 Τ.
1250 2475 1312 2520 11.
1339 2476 1392 2519 P.
1411 2476 1470 2521 11.
1498 2491 1543 2533 p.
1563 2475 1649 2520 268
1670 2491 1765 2533 sqq.

79 2719 326 2765 Scholia
359 2718 406 2762 in
434 2720 667 2763 Platonem
695 2734 721 2763 e
744 2716 867 2763 codd.
895 2716 1079 2775 collegit
1107 2720 1163 2763 D.
1193 2719 1543 2763 Ruhnkeniu
1555 2734 1590 2765 s.
1619 2720 1765 2778 Lug-d.

191 2793 290 2835 Bat.
319 2789 448 2835 18⁰⁰.
477 2789 520 2833 8.
577 2789 703 2834 Haec
728 2791 821 2833 Im.
847 2790 1143 2834 Bekkerus
1170 2790 1218 2833 in
1247 2791 1349 2836 edit.
1379 2805 1564 2847 operum
1586 2792 1762 2837 Platon.

187 2865 319 2904 aucta
345 2865 390 2902 et
421 2861 689 2916 locupletata
716 2861 848 2905 dedit.
894 2876 895 2879 ¹

77 2931 300 2975 Timaei
340 2931 533 2973 Lexicon
566 2946 726 2975 vocum
763 2932 1095 2976 Platonicarmn
1132 2945 1170 2975 c.
1208 2930 1456 2976 animadvv.
1484 2929 1690 2976 Ruhnk
1705 2945 1760 2974 e-

185 3000 283 3045 nii.
318 3002 401 3047 Ed.
425 3001 468 3045 2.
496 3002 641 3060 Lugd.
669 3004 769 3047 Bat.
799 3002 924 3046 1789.
954 3002 997 3046 8.

75 3265 112 3308 P
124 3266 240 3309 lato
249 3281 278 3309 n
290 3266 307 3310 i
317 3281 338 3311 s
365 3266 535 3311 malo
546 3265 606 3325 gi
634 3267 684 3311 V.
715 3268 972 3323 (Amatores
984 3299 998 3320 ‚
1035 3262 1300 3322 Euthyphro
1312 3295 1326 3316 ‚
1352 3264 1573 3323 Apologia
1584 3297 1597 3318 ‚
1619 3266 1757 3318 Crito,

183 3337 362 3389 Phaedo
373 3340 410 3394 ).
467 3338 711 3386 Recensnit
724 3370 738 3392 ‚
788 3338 994 3394 notisque
1027 3336 1270 3380 illustravit
1308 3336 1345 3379 N
1359 3350 1387 3379 a
1398 3337 1471 3381 th.
1507 3338 1545 3379 F
1556 3351 1582 3378 o
1597 3351 1619 3378 r
1629 3352 1648 3378 s
1659 3345 1707 3378 te
1719 3351 1754 3379 r.

1026 3437 1174 3479 ****
