2040 3646
285 195 354 254 36

948 189 1304 242 PLATONIS

288 332 374 408 θῆ
386 372 402 402 ,
443 323 622 404 οἶμαι,
663 322 773 385 οὐκ
798 321 870 386 ἂν
905 324 1147 396 ἐθέλοιεν
1176 327 1380 406 λέγειν,
1435 324 1521 387 ὅτι
1555 327 1854 410 κατάδηλοι
1887 329 1972 407 γί-

288 434 507 496 γνονται
544 410 1005 501 προςποιούμενοι
1042 413 1139 488 μὲν
1176 411 1402 484 εἰδέναι,
1462 412 1663 486 εἰδότες
1694 416 1753 473 δὲ
1786 412 1970 473 οὐδέν.

194 504 247 558 Ε
292 495 383 556 ὅτε
407 498 540 569 οὐν,
588 502 764 572 οἶμαι,
821 496 1101 574 φιλότιμοι
1126 495 1277 569 ὄντες
1310 499 1410 555 καὶΙ
1439 499 1680 576 σφοδροὶ
1714 500 1806 557 καὶ
1833 502 1973 557 πολ-

287 583 405 654 λοί,
447 582 541 640 καὶ
565 578 991 660 ξυντεταγμένως
1011 583 1105 640 καὶ
1127 587 1379 654 πιθανῶς
1407 582 1652 661 λέγοντες
1673 583 1972 660 περὶέμοῦ,

288 665 692 746 ἐμπεπλήκασιν
716 663 875 742 ὑμῶν
895 663 962 724 τὰ
991 656 1101 725 ῶτα
1122 668 1214 725 καὶ
1253 665 1421 725 πάλαι
1446 668 1539 725 καὶ
1563 668 1824 745 σφοδρῶς
1850 671 1973 725 δια-

285 750 592 828 βάλλοντες.
636 751 695 808 ἐκ
718 749 931 810 τούτων
953 753 1046 810 καὶ
1070 750 1326 830 Μέλητός
1342 774 1441 828 μοι
1463 751 1687 811 ἐπέθετο
1701 753 1794 810 καὶ
1803 749 1974 810 ’Ἄνυ-

284 857 380 908 τος
402 836 496 894 καὶ
521 833 756 909 Λύκων,
802 836 1055 914 Μέλητος
1089 837 1186 912 μἐν
1207 833 1350 914 ὑπὲρ
1377 841 1485 895 τῶν
1520 841 1763 915 ποιητῶν
1797 834 1974 912 ἀχθό-

280 943 476 998 μενος,
506 917 739 991 ’Ἄνυτος
777 919 836 978 δὲ
867 918 1009 998 ὑπὲρ
1035 926 1143 980 τῶν
1168 925 1517 1000 δημιουργῶν
1540 922 1634 979 καὶ
1670 925 1780 997 τῶν
1812 925 1974 979 πολι-

163 1006 245 1063 24
283 1010 477 1089 τικῶν,
538 1002 744 1065 Λύκων
778 1004 837 1063 δὲ
874 1001 1016 1083 ὑπὲρ
1039 1010 1145 1065 τῶν
1168 1004 1430 1085 ῥητόρων.
1487 1002 1646 1079 ῶςτε,
1701 1001 1834 1086 ὅπερ
1873 1002 1974 1084 ἄρ·-
2034 1083 2036 1085 K

341 1186 735 1247 ξυντεταγμένως]
796 1191 979 1245 Aliquot
1010 1191 1117 1234 libri
1139 1188 1487 1247 συντεταμένως.
1523 1204 1699 1247 ν.,ι]ιιαο
1723 1190 1815 1235 alia
1841 1190 1976 1236 huius

282 1250 554 1296 confusionis
580 1249 780 1303 exempla
803 1248 956 1290 notavi
981 1250 1036 1290 ad
1054 1250 1296 1291 Philebum
1314 1265 1356 1304 p.
1379 1246 1477 1291 195.

339 1327 420 1372 καὶ
455 1323 602 1370 πάλαι
635 1325 716 1368 καὶ
748 1325 993 1381 σφοδρῶς]
1046 1325 1295 1381 Stephanus
1321 1325 1462 1367 dedit:
1505 1324 1587 1369 καὶ
1615 1322 1761 1369 πάλαι
1781 1323 1861 1368 καὶ
1889 1325 1976 1368 νῦν

283 1385 515 1442 σφοδρῶς.
576 1383 666 1426 Sed
694 1382 779 1425 νῦν
801 1382 975 1425 videtur
997 1397 1024 1426 a
1042 1383 1334 1437 grammatico
1366 1383 1563 1424 additum
1587 1397 1708 1435 esse,
1749 1382 1825 1438 qui
1852 1382 1976 1424 illius

280 1443 501 1487 formulae
521 1439 600 1484 καὶ
618 1437 766 1483 πάλαι
778 1439 856 1482 καὶ
874 1440 960 1482 νῦν
981 1439 1270 1483 meminisset.
1311 1440 1451 1481 Recte
1474 1440 1561 1482 Alt.
1586 1441 1688 1483 Bas.
1715 1438 1755 1482 1.
1787 1443 1830 1481 et
1850 1440 1975 1482 codd.

280 1499 483 1557 plerique
516 1512 668 1541 omnes
696 1496 810 1539 illud
846 1495 1067 1541 omittunt.
1137 1496 1252 1540 Nam
1279 1494 1426 1540 πάλαι
1466 1501 1532 1539 cst
1565 1495 1681 1541 iam
1709 1497 1914 1539 dudum
1939 1510 1974 1540 s.

284 1558 517 1612 dudum,
548 1570 615 1599 ex
652 1555 838 1610 longo
866 1558 1133 1610 tempore.

339 1692 414 1742 ὅτι
431 1694 687 1752 κατάδηλοι
707 1719 737 1728 -
753 1690 1091 1752 προςποιούμε-

278 1756 373 1810 vol]
404 1756 472 1796 De
492 1753 816 1797 constructione
832 1767 872 1795 v.
894 1752 978 1794 Ma
990 1756 1006 1794 t
1018 1753 1088 1795 th.

279 1816 323 1866 ἓ.
340 1811 440 1854 296.
462 1813 565 1853 coll.
596 1815 637 1864 §-
649 1808 748 1852 549.
792 1810 899 1851 Mox
917 1810 962 1851 H
976 1823 999 1850 e
1011 1808 1092 1850 in·-

280 1869 414 1911 dorf.
444 1868 727 1916 scribendum
747 1867 929 1922 putabat
949 1865 1032 1920 μέν
1045 1882 1092 1909 τι

279 1924 467 1970 εἰδέναι.

277 1997 353 2026 mo
376 1977 513 2027 οὐδέν
532 1980 730 2036 intelligi
745 1983 906 2036 potest,
938 1994 1019 2022 nec
1045 1980 1092 2022 in

282 2040 408 2086 codd,
434 2042 541 2082 mss.
565 2038 779 2094 scriptum
799 2040 949 2080 exstat.

337 2137 391 2179 E.
411 2133 491 2179 καὶ
502 2133 701 2193 σφοδροὶ
719 2131 796 2178 καὶ
817 2134 992 2187 πολλοί,
1017 2132 1097 2178 καὶ

280 2191 646 2249 ξυντεταγμένως
672 2191 751 2235 καὶ
771 2193 986 2240 πιθανῶς
1014 2192 1088 2247 λ.]

278 2251 548 2306 metaphora
576 2249 713 2305 petita
735 2253 801 2291 est
824 2263 851 2291 a
875 2249 1095 2291 militibus

280 2308 329 2351 in
365 2308 460 2351 acie
497 2306 752 2349 collocatis:
804 2306 881 2361 qui
917 2307 1095 2360 quidem

281 2365 488 2407 dicuntur
515 2361 880 2430 ξυντεταγμένως
908 2364 1114 2421 aggredi)

279 2423 454 2474 hostes,
484 2434 621 2475 quum
641 2420 737 2462 acie
764 2424 980 2462 lusti-ueta
1019 2434 1094 2461 eos

268 2478 555 2522 ·adoriuntur.
614 2478 769 2532 Itaque
797 2475 1093 2530 ξυντεταγμέ-

280 2551 373 2586 νως
404 2534 547 2589 λέγειν
576 2534 622 2577 h.
647 2534 677 2576 1'.
709 2533 914 2575 dicuntur
936 2533 1094 2575 Socra-

279 2593 339 2636 tis
363 2590 726 2642 calumniatores,
756 2589 833 2645 qui
849 2589 975 2644 quasi
1001 2589 1096 2632 acie

278 2649 497 2693 instructa
531 2662 635 2690 eum
668 2646 902 2690 calumniis
932 2660 1096 2703 aggre-

280 2707 539 2761 diebantur,
577 2705 623 2746 h.
651 2718 689 2747 e.
718 2703 806 2755 ita,
844 2708 893 2745 ut
922 2704 1095 2746 videre-

279 2758 357 2806 tur
385 2763 501 2805 inter
525 2775 600 2804 eos
641 2762 696 2803 de
725 2759 890 2816 optima
926 2764 971 2802 et
999 2760 1095 2802 effi-

280 2820 513 2863 cacissima
572 2816 868 2860 calumniandi
923 2817 1094 2860 ratione

281 2877 550 2921 convenisse.
607 2875 751 2930 Atque
800 2873 906 2915 hinc
959 2873 1093 2916 etiam

278 2933 572 2990 intelligitur,
613 2946 693 2973 cur
717 2931 931 2979 πιθανῶς
960 2930 1093 2974 adda-

281 2995 381 3042 tur,
419 2991 466 3033 h.
500 3004 538 3032 e.
584 2993 713 3046 apte
750 2988 819 3031 ad
855 2999 1091 3043 persua-

281 3047 526 3092 flendum.

341 3139 680 3200 ἐμπεπλήκασιν
711 3136 843 3197 ὑμῶν
868 3138 928 3186 τὰ
964 3135 1086 3199 ὦτα]

282 3202 566 3257 Comparavit
590 3201 904 3244 Iacobsius
942 3200 1086 3245 Plat.

279 3259 430 3315 Lysid.
457 3275 499 3314 p.
520 3258 617 3301 204.
645 3258 693 3301 C.
732 3252 862 3314 ἡμῶν
883 3257 995 3311 γοῦν
1019 3254 1086 3300 ἐκ·

278 3314 526 3370 κεκῶφωκε
557 3311 615 3358 τοὶ
642 3307 737 3358 ῶτα
760 3314 838 3358 καὶ
862 3311 1084 3369 ἐμπέπλη-

279 3388 330 3416 κε
343 3371 558 3421 Λύσιδος.
587 3373 623 3415 L
634 3385 662 3413 u
675 3386 698 3412 c
709 3372 724 3413 i
735 3385 812 3415 an„
827 3372 976 3415 Amor.
989 3374 1029 3423 ἓ.
1044 3371 1083 3414 1.

279 3430 334 3474 Τ.
362 3431 409 3476 V.
444 3445 485 3487 p.
507 3427 606 3475 256.
633 3429 700 3472 ed.
726 3428 826 3486 Bip.
867 3425 1084 3486 ἐρωτικῆς

525 1924 613 1967 Sed
648 1939 693 1966 τι
712 1923 841 1965 facile
873 1937 926 1964 ex
944 1922 1112 1978 proxi-·

1155 1694 1351 1763 παιιξιᾶς
1374 1690 1422 1747 ἐξ
1440 1693 1646 1738 ἑωθινοῦ
1674 1690 1976 1752 πεπλήρωκας

1157 1767 1217 1795 τα
1244 1768 1355 1794 ωτα.

1198 1826 1410 1884 Μέλητος
1421 1825 1503 1883 μὲν
1515 1823 1630 1886 ’ὑπὲρ
1643 1828 1736 1871 τῶν
1747 1829 1973 1885 ποιητῶν]

1155 1886 1377 1929 Nimirum
1399 1886 1493 1940 ipse
1521 1886 1770 1942 tragoedias
1799 1891 1842 1928 et
1871 1901 1976 1929 can-

1157 1943 1315 1985 tilenas
1339 1947 1585 1985 consuerat.
1620 1958 1660 1985 v.
1682 1943 1718 1984 A
1732 1957 1753 1983 ι·
1764 1942 1780 1984 i
1791 1958 1810 1984 s
1821 1949 1837 1985 t
1849 1958 1874 1985 o
1885 1943 1973 1999 ph.

1160 2001 1276 2042 Ran.
1315 2013 1355 2042 v.
1388 1999 1514 2042 1337.
1554 1999 1662 2055 ibiq.
1696 1999 1845 2042 Schol.
1868 2002 1908 2042 A
1918 2013 1942 2042 e
1952 2025 1976 2032 —

1159 2056 1297 2100 lian.
1325 2057 1373 2098 V.
1394 2057 1453 2100 H.
1481 2056 1535 2098 X.
1558 2055 1600 2106 6.
1628 2056 1840 2099 Suidas
1864 2072 1898 2100 s.
1930 2071 1973 2100 v,

1162 2113 1364 2163 Μέλιτος
1390 2120 1433 2156 et
1451 2110 1623 2158 σκολιά.
1642 2117 1685 2156 et
1714 2114 1751 2156 Ε
1765 2128 1796 2156 ιι
1806 2114 1835 2155 d
1846 2128 1872 2157 ο
1885 2128 1907 2155 c
1920 2113 1936 2156 i
1947 2127 1975 2157 a

1161 2171 1252 2215 Ion.
1283 2186 1327 2226 p.
1352 2170 1451 2212 301.
1795 2178 1797 2181 “

1207 2242 1395 2298 ’Ἄνυτος
1419 2245 1468 2291 δὲ
1494 2243 1610 2305 ’ὑπὲρ
1633 2248 1725 2291 τῶν
1753 2248 1975 2305 δημιουρ-

1160 2305 1254 2358 γῶν
1291 2304 1369 2348 καὶ
1406 2305 1497 2348 τῶν
1526 2305 1807 2358 πολιτικῶν]
1841 2305 1978 2348 Scili-

1161 2368 1231 2405 cet
1267 2362 1350 2404 fuit
1396 2362 1472 2403 hic
1519 2361 1731 2404 coriarius
1784 2362 1973 2417 ideoque

1161 2416 1462 2476 δημιουργός,
1525 2424 1575 2460 ut
1603 2417 1800 2473 intelligi
1829 2423 1972 2474 potest

1160 2489 1184 2515 e
1224 2475 1477 2530 Xenoph.
1510 2475 1635 2529 Apol.
1659 2489 1696 2516 c.
1720 2474 1789 2516 29.
1823 2498 1829 2502 -
1863 2475 1972 2530 0ρί-

1157 2532 1260 2573 fices
1291 2535 1438 2574 autem
1473 2530 1573 2572 inde
1606 2544 1634 2573 a
1664 2531 1856 2573 Periclis
1884 2532 1970 2574 im-

1161 2588 1316 2642 primis
1348 2592 1488 2630 aetate
1508 2587 1642 2630 ctiam
1673 2587 1862 2630 civitatis
1884 2603 1971 2644 gu-

1159 2644 1463 2687 bernationem
1481 2650 1524 2686 et
1544 2643 1971 2688 administrationem

1159 2704 1398 2752 curabant3
1454 2715 1585 2756 quem
1620 2714 1791 2743 morem
1827 2706 1871 2744 et
1894 2702 1971 2745 ci-

1159 2772 1260 2800 cero
1283 2773 1362 2814 pro
1381 2759 1542 2800 Flacco
1577 2773 1614 2800 c.
1639 2757 1682 2799 7.
1708 2758 1848 2811 ridet,
1885 2773 1968 2800 nec

1159 2815 1362 2858 Socrates
1387 2815 1433 2856 h.
1455 2815 1486 2857 l.
1511 2815 1605 2857 sine
1624 2815 1864 2858 acerbitate
1886 2829 1968 2858 no·-

1157 2876 1252 2914 tare
1272 2872 1444 2914 videtur
1459 2903 1471 2924 ‚
1509 2875 1609 2927 post
1630 2871 1723 2915 τῶν
1747 2872 1966 2930 δημιουρ-

1156 2929 1250 2983 γῶν
1271 2930 1431 2972 addens
1451 2930 1587 2971 verba
1614 2927 1694 2971 καὶ
1715 2930 1810 2972 τῶν
1837 2932 1965 2972 πολι-

1154 2987 1321 3038 τικῶν,
1363 2999 1475 3041 quae
1497 2985 1536 3027 si
1559 2985 1800 3038 omisisset,
1847 2991 1964 3030 certe

1154 3057 1284 3086 nemo
1300 3049 1395 3085 erat
1416 3042 1753 3085 desideraturus.

1211 3136 1374 3183 Λύκων
1397 3138 1446 3182 δὲ
1471 3134 1586 3196 ’ὑπὲρ
1609 3138 1703 3181 τῶν
1727 3136 1960 3198 ῥητόρων]

1153 3198 1285 3240 Hunc
1306 3197 1343 3239 A
1354 3212 1377 3238 r
1387 3195 1403 3237 i
1415 3211 1434 3237 s
1446 3201 1497 3238 to
1507 3211 1533 3263 p
1547 3196 1578 3238 h
1590 3209 1617 3237 a
1628 3211 1668 3239 n.
1695 3195 1739 3238 in
1756 3197 1906 3262 vespis
1915 3213 1959 3240 v.

1181 3254 1278 3297 292.
1299 3268 1399 3296 cum
1419 3254 1710 3307 Antiphonte,
1749 3253 1837 3295 alm
1857 3255 1962 3295 rhe-

1152 3317 1270 3363 tore,
1318 3311 1363 3352 in
1403 3314 1529 3352 coetu
1561 3311 1796 3367 παροίνων
1828 3316 1959 3368 atquc
2038 3330 2040 3372 ξ

1149 3365 1380 3426 ’ὑβριστῶν
1407 3367 1513 3410 facit
1545 3367 1872 3419 convivantem,
1918 3367 1957 3409 si

1148 3427 1326 3483 quidem
1354 3423 1429 3469 hic
1459 3424 1575 3468 idem
1606 3428 1673 3468 est
1698 3429 1832 3479 atque
1862 3424 1952 3468 ille.
2036 3425 2040 3472 ἦ
