2040 3646
763 143 1199 198 SYMPOSIUM,

1713 147 1816 207 163

119 291 305 358 &awa
327 284 387 345 δὲ
411 282 505 344 καὶ
523 280 887 390 Ἀριστοφανη
913 281 1008 340 καὶ
1031 277 1302 388 Σωκράτη
1323 279 1403 343 ἔτι
1420 278 1629 361 μόνους
1653 281 1812 364 ἐγρη-

146 369 366 449 γορέναι
387 370 480 428 καὶ
502 369 677 427 πίνειν
699 368 758 426 ἐκ
781 371 988 447 φιαλης
1010 364 1244 446 μεγάλης
1263 366 1352 428 ἐπὶ
1374 365 1537 437 δεξιά.
1582 366 1679 428 τὸν
1702 365 1811 431 ουν

147 451 420 532 Σωκράτη
450 449 640 524 αὐτοῖς
660 452 1022 530 διαλέγεσθαι.

1104 451 1198 508 καὶ
1230 471 1296 508 τα
1318 451 1418 526 μὲν
1444 450 1637 513 αλλα
1609 478 1644 513 ο
1666 453 1808 534 Ἀρι-

148 534 422 617 στόδηιιος
447 534 556 596 οὐκ
590 537 698 616 ἔφη
730 540 1053 638 μεμνῆσθαι
1067 538 1176 593 τῶν
1196 532 1391 612 λόγων·
1457 534 1585 597 οὔτε
1616 537 1720 618 γὰρ
1751 536 1811 610 ἐξ

149 619 320 701 ἀρχῆς
340 620 743 699 παραγενέσθαι
765 597 1165 691 ὑπονυστάζειν
1188 637 1260 676 τε·
1321 615 1386 677 τὸ
1417 620 1598 696 ’μέντοι
1630 623 1804 703 κεφά-
1826 629 1889 686 D
1955 669 1967 683 .

147 706 349 765 λαιον’
331 706 456 785 ἔφη,
492 704 954 810 προςαναγκάζειν
972 701 1068 766 τὸν
1091 699 1362 784 Σωκράτη
1385 700 1669 784 ὁμολογεῖν
1697 731 1807 768 av-

149 787 285 863 τοὺς
316 812 420 848 του
457 787 636 849 αὐτοῦ
659 786 861 868 ἀνδρὸς
902 783 1038 848 εἶναι
1071 787 1359 869 νωμωδίαν
1386 790 1480 847 καὶ
1506 793 1809 875 τραγωδίαν

149 874 475 934 ἐπίστασθαι
511 879 713 947 ποιεῖν,
766 873 861 931 καὶ
896 868 993 940 τὸν
1029 868 1186 949 τέχνῃ
1229 873 1710 955 τραγῳδοποιὸν”
1675 899 1807 937 οντα

147 953 544 1066 κωμωὸοποιόν
565 953 717 1016 εἶναι.

800 961 974 1014 ταῦτα
1010 953 1080 1033 δὴ
1102 930 1575 1031 ἀναγκαζομένους
1598 957 1809 1034 αὐτούς

147 1044 242 1101 καὶ
275 1040 353 1101 ου’
389 1039 614 1120 σφόδρα
646 1036 947 1117 ἑπομένους
983 1038 1292 1112 νυσταζειν,
1347 1041 1440 1098 ’καὶ
1475 1047 1691 1119 πρῶτον
1712 1046 1813 1124 μὲν

121 1130 516 1198 ,καταδαρθεῖν
534 1122 634 1185 τὸν
663 1122 1059 1209 Ἀριστοφάνη,
1096 1121 1206 1203 ἤδη
1242 1123 1301 1184 δὲ
1337 1120 1543 1204 ἡιιέρας
1564 1128 1811 1206 γιγνομέ-

87 1253 90 1257 -
146 1207 354 1292 νηςτόν
364 1207 658 1289 Ἀγάθωνα.
685 1206 781 1269 τὸν
796 1210 902 1269 οὐν
914 1205 1651 1291 Σωκρατη,κατακοιμήσαντ
1651 1210 1811 1273 ’ἐκεί-

204 1443 611 1541 τραγῳδοποιὸν”
584 1486 698 1518 οντα
724 1475 795 1527 κ.]
826 1469 956 1516 Bodl.
983 1467 1356 1537 τραγῳδιοποιόν
1384 1474 1429 1522 et
1447 1471 1817 1537 κωμωδιοποιόν,

151 1537 362 1590 perpetua
389 1531 611 1576 scribendi
638 1530 869 1575 varietate.

206 1651 357 1719 Σῳκρ.
385 1641 799 1706 κατακοιμήσαντ’]
832 1646 907 1692 sic
933 1645 1161 1694 veriSsime
1198 1646 1323 1698 codd.
1379 1646 1526 1707 Vulgo
1556 1651 1824 1711 κατακοιμίη

151 1721 264 1754 Gavi
280 1740 292 1752 .

206 1885 359 1947 Ἂγᾶθ.
391 1884 441 1934 δὲ
459 1887 538 1933 καὶ
547 1883 773 1956 Αριστοφ
796 1902 837 1932 κ.
849 1902 888 1932 τ.
900 1886 959 1944 2.]

35 1945 45 1953 ’
73 1992 76 1993 ⁷
152 1949 350 2006 Egregie
371 1948 483 1990 haec
503 1946 695 1990 Socratis
716 1952 964 2001 temperan-

151 2008 289 2059 tiam,
316 2004 661 2047 moderationem
688 2007 730 2046 et
762 2006 965 2045 constan-

153 2064 266 2108 tiam
296 2062 546 2114 declarant,
593 2059 669 2114 qui
708 2073 845 2113 quum
885 2072 964 2113 per

155 2126 294 2164 totam
342 2123 516 2160 noctem
559 2130 661 2157 cum
706 2114 962 2157 hominibus

158 2178 386 2232 epularum
416 2173 621 2216 amantiss
616 2170 726 2214 imis
763 2171 962 2224 bibisset,

159 2239 311 2276 tamen
350 2230 521 2273 sobrius
554 2243 695 2284 neque
724 2228 826 2270 vino
846 2227 965 2284 vigi-

155 2290 231 2333 liis
213 2302 318 2343 sque
337 2288 556 2330 confectus
581 2300 607 2328 a
643 2284 842 2327 convivio
877 2285 967 2326 dis-

159 2346 303 2388 cessit.
381 2343 446 2387 Ne
478 2342 583 2384 talia
613 2340 790 2396 quidem
822 2341 967 2397 negli-

161 2404 306 2459 genda
336 2405 435 2444 sunt
467 2399 547 2453 iis,
579 2398 654 2453 qui
686 2398 740 2439 de
768 2397 968 2454 dialogo-

160 2474 262 2503 rnm
281 2455 609 2500 Platonicorum
637 2459 898 2521 argumento
925 2457 970 2496 et

161 2513 346 2558 consilio
381 2513 615 2571 prudentor
656 2510 853 2555 iudicare
892 2524 970 2554 vo-

156 2572 270 2616 lunt.

219 2624 326 2673 οὔτε
351 2621 439 2684 γὰρ
469 2621 518 2678 ἐξ
545 2619 687 2693 αρχῆς
729 2646 759 2658 -
797 2638 973 2667 υπονυ·

165 2684 343 2738 στάζειν
372 2684 452 2738 τε]
494 2683 610 2725 Cave
643 2675 974 2733 υπονυστάζειν

164 2741 217 2787 δέ
249 2741 527 2784 scribendum
558 2743 710 2794 putes,
738 2738 855 2793 quod
877 2752 975 2780 sen·

166 2799 329 2843 tentiae
357 2797 571 2839 rationem
590 2795 776 2837 mirifice
798 2807 975 2849 perver-

166 2859 294 2899 teret.
352 2854 420 2895 De
443 2868 491 2895 τε
509 2858 606 2906 post
633 2846 739 2895 οὔτε
760 2851 885 2893 illato
908 2850 976 2892 di-

167 2913 312 2956 ximus
345 2910 399 2952 ad
433 2909 609 2951 Phileb.
741 2905 811 2950 5⁰.
846 2912 890 2950 et
919 2905 975 2949 ad

168 2969 358 3034 Apolog.
386 2966 554 3008 Socrat.
584 2980 625 3020 p.
657 2922 727 3006 26.
758 2964 807 3006 C.

225 3026 282 3067 Ι).
312 3018 365 3066 τὸ
395 3021 548 3077 μέντοι
580 3019 835 3075 κεφάλαιον
870 3016 975 3086 ἔφη,

171 3080 330 3148 w9.]q
343 3079 447 3122 uod
477 3082 660 3121 autem
699 3080 861 3132 caput
887 3075 979 3118 rei

171 3137 470 3181 attineret.
479 3134 652 3176 Phileb.
669 3149 711 3204 p.
724 3134 792 3176 48.
805 3135 860 3176 D.
884 3131 980 3176 ἔστι

174 3190 232 3249 δὴ
249 3192 449 3250 πονηρία
460 3190 541 3252 μέν
557 3206 628 3240 τις
646 3188 699 3235 τὸ
713 3187 980 3245 κεφάλαιον.

173 3250 420 3320 Euthyphr.
455 3261 498 3304 p.
530 3245 572 3291 8.
609 3247 662 3293 Ε.
722 3260 861 3290 τουτο
898 3243 982 3301 μὲν

174 3301 348 3363 ἀληθὲς
369 3303 552 3363 λέγεις·
572 3301 625 3351 τό
648 3317 697 3360 γε
717 3299 985 3361 κεφάλαιον

1023 1909 1054 1922 -
1092 1883 1360 1944 ἀναγκάζειν
1392 1885 1497 1932 τινᾶ
1534 1888 1650 1946 apud
1678 1889 1831 1935 Plato-

1026 1956 1128 1988 nem
1176 1958 1487 2014 saepenumero
1535 1961 1580 1988 es
1585 1953 1601 1990 t
1647 1961 1833 2004 argu·-

1026 2002 1333 2045 mentando
1370 2002 1615 2068 aliquem
1653 2018 1833 2061 coge-

1026 2072 1084 2100 re
1112 2062 1170 2100 ut
1198 2058 1421 2114 aliquid
1450 2061 1753 2114 concedat,
1781 2065 1832 2104 ut

1027 2114 1166 2216 goi-gi..
1188 2131 1229 2170 p.
1253 2115 1349 2158 472.
1383 2115 1436 2158 Β.
1476 2093 1833 2164 ub1v.Hein-

1068 2185 1092 2212 ο
1105 2185 1126 2212 r

1083 2227 1169 2270 τοῦ
1184 2221 1331 2271 αὐτοῦ
1348 2221 1516 2285 ανδρὸς
1532 2224 1665 2286 εἶναι]
1684 2231 1833 2286 Quum

1027 2287 1211 2338 uterque
1230 2289 1359 2338 poeta
1389 2284 1561 2328 dicatur
1590 2286 1706 2330 hanc
1734 2303 1834 2331 sen-

1029 2341 1150 2383 tenti
1141 2355 1211 2383 un
1233 2339 1460 2383 Socratis
1447 2355 1741 2400 impugnasse,
1763 2347 1836 2389 ιεΙ

1032 2412 1086 2442 ex
1107 2398 1193 2439 hoc
1215 2398 1311 2440 loco
1336 2403 1454 2453 patet
1465 2413 1633 2442 errasse
1654 2416 1742 2453 eos,
1787 2402 1836 2447 ui

1034 2468 1086 2496 ex
1111 2453 1536 2511 Sch01.A1-istoph.
1565 2457 1679 2500 Rau.
1701 2472 1743 2501 v,
1793 2459 1835 2502 4.

1033 2511 1310 2567 collegerunt
1346 2471 1624 2566 Agathouem
1659 2528 1746 2556 non
1768 2530 1841 2558 so-

1035 2567 1132 2610 lum
1161 2567 1444 2634 tragoedias,
1494 2569 1569 2612 sed
1598 2570 1731 2614 etiam
1763 2586 1838 2614 co-

1034 2622 1230 2667 moedias
1262 2623 1499 2691 scripsisse.
1581 2626 1648 2668 De
1678 2641 1764 2682 qua
1788 2643 1839 2672 re

1038 2694 1197 2748 operae
1246 2680 1406 2722 retium
1428 2687 1494 2724 est
1510 2681 1661 2750 legere
1678 2683 1716 2726 B
1729 2699 1752 2726 e
1763 2699 1790 2728 n
1801 2691 1843 2728 t-

1036 2738 1094 2780 le
1106 2737 1145 2779 ii
1233 2735 1543 2792 isputationem
1589 2737 1637 2783 in
1680 2739 1842 2797 Opusc.

1038 2793 1205 2837 Philol.
1232 2808 1280 2860 p.,
1298 2793 1396 2836 613.

1094 2851 1242 2893 ταῦτα
1253 2844 1434 2903 ἄναγκ]
1464 2849 1532 2892 De
1541 2851 1680 2895 verbo
1705 2847 1848 2908 ἀναν·

1039 2903 1192 2958 κάζειν
1254 2919 1356 2948 cum
1415 2907 1580 2962 duplici
1631 2911 1850 2954 accusati-

1039 2977 1122 3015 vo,
1149 2964 1288 3006 altero
1317 2975 1553 3028 personae,
1597 2965 1735 3009 altero
1765 2966 1848 3020 rei,

1042 3019 1238 3062 construi
1292 3018 1420 3061 solito
1475 3034 1518 3062 v.
1562 3021 1610 3062 M
1620 3034 1647 3063 a
1657 3027 1674 3064 t
1685 3028 1702 3065 t
1715 3023 1772 3065 h
1758 3039 1773 3066 ι
1785 3039 1812 3067 ιι
1823 3038 1848 3065 e

1043 3080 1082 3130 §.
1112 3075 1209 3118 419.
1274 3075 1417 3130 Atque
1444 3073 1507 3118 ita
1534 3077 1570 3119 Ι
1574 3078 1690 3120 atine
1716 3080 1850 3123 etiam

1045 3131 1226 3174 dicitur·
1256 3131 1484 3186 aliquis
1513 3133 1664 3188 aliqu
1680 3135 1730 3177 id
1766 3138 1852 3179 σο-

1046 3188 1225 3244 gitur,
1255 3189 1631 3242 dequastructura
1652 3205 1694 3236 v.
1709 3193 1854 3261 Gro-

1046 3259 1166 3290 nov.
1194 3244 1464 3291 adLiv.1v.
1487 3244 1558 3292 26.

1209 3441 1359 3507 11*
