2040 3646
381 25 398 56 Ι

276 188 380 252 132
912 163 1294 233 -ΡιΛΤοΝιε
1335 177 1337 180 ·

277 297 453 400 λάβοι.
496 316 586 379 διὸ
602 314 680 398 δὴ
699 308 870 396 ἔγωγέ
894 336 1040 395 φημι
1052 319 1250 395 χρῆναι
1267 303 1446 376 πάντα
1473 308 1650 393 ἄνδρα
1675 312 1774 375 τὸν
1783 312 1967 394 ’Ἑρω-

276 427 345 466 τα
369 409 558 483 τιμᾶν,
598 404 694 464 καὶ
717 399 892 472 αὐτὸς
927 407 1065 478 τιμῶ
1088 398 1157 459 τὰ
1198 399 1423 478 ἐρωτικὰ
1459 403 1557 460 καὶ
1595 399 1968 502 διαφερόντως

277 488 450 562 ἀσκῶ,
492 488 588 549 καὶ
627 493 754 560 τοῖς
776 484 967 559 ἄλλοις
997 485 1467 564 παρακελεύομαι,
1509 487 1605 544 καὶ
1642 491 1750 545 νῦν
1784 507 1840 544 τε
1875 485 1970 544 καὶ

208 592 210 599 ”
277 573 364 635 ἀεὶ
409 571 719 666 ἐγκωμιαζω
751 568 854 653 τὴν
891 568 1129 649 δύναμιν
1176 573 1271 631 καὶ
1310 569 1564 650 ἀνδρείαν
1596 576 1702 631 τοῦ
1723 568 1971 649 Ἔρωτος

275 657 409 721 καθ’
420 657 571 720 ὅσον
594 656 711 731 οιός
735 654 780 716 τ’
816 656 940 733 εἰμί.

206 757 254 819 0
451 748 672 804 Τοῦτον
697 743 807 802 οὐν
837 738 935 801 τὸν
967 737 1169 819 λόγον,
1211 730 1257 800 ὠ
1287 743 1524 819 Φαῖδρε,
1569 740 1619 800 εἰ
1638 740 1736 818 μεν
1759 737 1970 816 βούλει,

152 889 161 898 .,
192 892 197 904 ἶ
246 827 357 903 ,ὥς
387 827 652 909 ἐγκώμιον
677 828 752 900 εἰς
762 824 984 904 ’Ἑρωτα
1018 825 1251 905 νόιιισον
1285 828 1570 932 εἰρῆσθαι,
1627 827 1676 885 εἰ
1712 825 1803 900 δέ,
1861 820 1894 883 ὅ
1917 846 1969 882 τι

186 922 193 931 ”
271 911 431 976 καὶ”
396 929 508 991 οπῃ
532 914 740 991 χαίρεις
766 909 1080 991 ὀνομάζων,
1122 917 1294 971 τοῦτο
1322 909 1571 1013 ὀνόμαζε.

446 1001 613 1082 Cap.
640 999 839 1060 XXX.
896 995 1172 1102 Εἰπόντος
1194 997 1254 1055 δὲ
1281 1001 1460 1057 ταῦτα
1484 1000 1590 1055 τοῦ
1613 991 1970 1073 Σωκράτους,

271 1079 410 1158 τούς
431 1085 530 1164 μεν
558 1085 825 1155 ἐπαινεῖν,
862 1078 962 1142 τὸν
989 1082 1049 1141 δε
1084 1079 1454 1160 Ἀριστοφάνη
1490 1080 1664 1159 λέγειν
1695 1103 1749 1139 τι
1773 1080 1971 1156 ἐπιχει-

270 1191 416 1248 ρενν,
472 1166 558 1229 ὅτι
589 1166 844 1247 ἐμνήσθη
882 1164 1067 1225 αὐτοῦ
1099 1166 1271 1244 λέγων
1309 1164 1343 1224 6
1382 1164 1686 1245 Σωκράτης
1720 1165 1845 1243 περὶ
1864 1169 1972 1223 τοῦ

269 1253 464 1336 λόγου·
489 1253 586 1315 καὶ
611 1250 876 1332 ἐξαίφνης
896 1245 999 1332 τὴν
1026 1248 1252 1311 αὔλειον
1274 1247 1468 1331 θύραν
1495 1249 1842 1353 κρουομένην
1864 1263 1972 1308 πο-

297 1420 436 1478 Cap.
463 1396 605 1466 XXX.
647 1415 810 1478 θύραν
827 1416 1139 1489 κρονομένην]
1172 1417 1247 1461 Sic
1265 1417 1422 1470 Bodl„
1449 1421 1539 1460 tren
1562 1417 1798 1469 Vindobb‚
1828 1413 1971 1458 Paris.

268 1479 377 1532 alii,
424 1493 506 1534 pro
537 1478 662 1548 vulg.
701 1475 1033 1548 κροτουμένην.
1091 1477 1263 1519 Deinde
1292 1489 1526 1531 perperam
1543 1474 1865 1532 interpungunt
1883 1471 1972 1515 sic.

211 1568 239 1578 ,-
269 1540 555 1596 παρασχεῖν,
585 1533 650 1587 ῶς
668 1534 927 1602 κωμαστῶν
946 1532 1028 1578 καὶ
1056 1528 1247 1593 αὕλητρ.
1271 1548 1317 1579 v.
1347 1537 1496 1578 annot.

1154 1658 1352 1715 cepimus
1378 1653 1690 1724 κρουομένην,
1726 1653 1846 1723 quod
1872 1667 1973 1697 ver-

1153 1718 1262 1759 bum
1273 1717 1486 1758 sollemne
1506 1729 1552 1758 es
1538 1713 1670 1757 tde
1657 1714 1728 1766 fis,
1757 1711 1835 1768 qui
1855 1713 1972 1755 fores

1152 1775 1344 1842 pulsant,
1367 1779 1417 1816 ut
1437 1772 1797 1815 intromittantur.
1822 1771 1910 1812 Μο
1923 1783 1972 1810 e-

1152 1828 1234 1873 ris
1260 1831 1370 1875 Att.
1400 1845 1444 1887 p.
1464 1830 1563 1872 211.
1593 1828 1755 1873 κόπτει
1768 1823 1852 1882 τὴν
1876 1824 1969 1870 &6-

1155 1903 1243 1942 ραν
1285 1882 1403 1958 (6)
1423 1886 1612 1940 ἔξωθεν·
1672 1889 1826 1956 ψοφεῖ
1861 1881 1910 1927 δε
1944 1877 1970 1927 6

275 1702 278 1705 Δ
325 1657 376 1703 0.
406 1652 495 1704 ὅτι
523 1657 603 1703 καὶ
633 1673 726 1718 οπῃ
755 1675 795 1716 χ.
819 1649 915 1712 dv„
943 1658 1086 1703 τοῦτο

266 1711 489 1789 ὀνόμαζε]
512 1705 741 1787 Frequens
751 1721 816 1760 est
836 1690 1007 1759 dic'tio’
983 1733 1090 1761 ovo-

264 1773 427 1833 μαζειν
448 1772 557 1818 τινά
577 1789 638 1831 τι,
661 1769 906 1831 ὀνομάζειν
931 1775 1089 1828 τοῦτο,

264 1835 422 1877 καλεῖν
469 1833 626 1876 τοῦτο.
676 1833 731 1876 cf.
784 1832 831 1873 H
843 1845 923 1873 em
935 1845 954 1874 s
969 1836 1090 1874 ter-

263 1885 343 1932 hu
357 1905 391 1935 s.
415 1889 471 1932 ad
498 1889 677 1944 Aristop
679 1889 726 1931 h.
760 1889 878 1931 Plut.
911 1902 953 1931 v.
987 1887 1088 1931 502.

264 1943 365 1991 566.
407 1947 681 1990 Valcken.
713 1946 769 1988 ad
791 1946 1020 1988 Phoeniss.
1044 1960 1086 1988 v.

261 2004 335 2047 12
379 2004 662 2049 Sehaefer.
686 2003 746 2046 ad
767 2003 959 2060 Iaong.p
965 2001 1085 2046 369.
1111 2040 1114 2042 .

260 2055 372 2103 Vide
391 2061 555 2117 infrap
560 2059 690 2104 .218.
712 2061 763 2104 A.
795 2061 1030 2103 Menexen.
1039 2075 1085 2131 p.

261 2116 362 2168 138
401 2117 451 2161 0.
501 2120 634 2162 καλεῖ
671 2116 782 2162 δὲο
851 2133 899 2161 εν
935 2112 1085 2188 αὐτὴν

263 2175 613 2234 δημοκρατίαν,
657 2169 682 2217 6
717 2133 782 2219 δεο
837 2178 937 2228 λλο,
969 2170 995 2219 ὃ
1026 2172 1086 2219 αν

259 2234 413 2291 χαίρῃ.
443 2234 512 2274 De
533 2232 728 2303 Republ.
743 2232 800 2300 V.
832 2232 1001 2288 μ463.
1030 2233 1084 2275 A.

258 2311 290 2324 -
319 2292 410 2333 Pro
435 2290 479 2334 εἰ
512 2287 563 2334 δέ
600 2304 657 2332 ne
682 2288 781 2344 quis
811 2289 941 2333 malit
971 2289 1015 2334 εἰ
1033 2287 1084 2334 δὲ

257 2343 342 2449 ῗέῗ
368 2351 623 2450 ᾜῗὲἷιῗῗεὲῗ
645 2361 752 2447 ⁸1⁰¹?
745 2347 1033 2460 ”i‘ssffluficss
1006 2362 1086 2448 ⁰2².

258 2457 438 2531 βούλει,
472 2459 667 2519 ἐρωτῶν
699 2471 768 2517 με·
812 2461 858 2506 εἰ
890 2460 963 2515 δέ,
1000 2420 1086 2505 καὶ

258 2513 406 2620 αἷς-ὸς
457 2515 536 2565 ἐπὶ
584 2518 760 2563 σαυτοῦ
799 2515 937 2576 λόγον
966 2517 1086 2573 διὲξ-

256 2591 280 2621 ε
347 2591 367 2621 ε

257 2633 261 2639 “
317 2635 427 2690 Gap.
455 2632 596 2675 XXX.
635 2629 747 2684 τοὺς
770 2629 911 2687 μέν·
941 2631 1086 2702 λέγειν

258 2700 306 2735 τι
341 2688 613 2761 ἐπιχειρεῖν]
659 2690 891 2747 Intelligas
926 2687 1018 2747 ἔφη
1056 2684 1081 2735 ὁ

252 2742 596 2818 Ἀριστόδημος.

315 2800 389 2849 ὅτι
421 2801 630 2861 ἐμνήσθη
661 2801 827 2860 αὐτοῦ]
848 2803 1082 2873 Attigerat

251 2861 377 2904 'enim
398 2862 602 2905 Socrates
623 2877 663 2916 p.
684 2860 784 2907 205.
814 2862 870 2906 D.
894 2861 947 2904 E.
977 2862 1081 2905 Ari-

254 2919 484 2989 stephanis
519 2918 765 2962 orationem
798 2918 871 2961 his
903 2919 1076 2962 verbis·

253 2975 336 3025 καὶ
358 2974 575 3050 λέγεται
554 2973 638 3047 μέν
659 2973 710 3044 γε’
728 2991 824 3044 τις,
855 2972 972 3047 ἔφη,
1001 2972 1078 3019 λό-

253 3047 358 3088 γος,
391 3049 453 3084 ως
483 3031 531 3076 οἳ
555 3027 615 3076 ὂὶν
643 3028 697 3078 τὸ
729 3027 870 3089 ἥμισυ
895 3030 1076 3077 εαυτῶν

252 3090 452 3147 ζητῶσιν
476 3106 517 3133 κ.
537 3105 575 3133 τ.
599 3091 637 3134 λ.

309 3147 389 3191 καὶ
419 3144 644 3217 ἐξαίφνης
678 3139 765 3202 τὴν
787 3139 975 3189 αὔλειον
994 3146 1068 3203 a]

249 3203 311 3246 Η.
347 3217 386 3247 e.
417 3201 503 3257 τὴν
534 3202 693 3271 θύραν
711 3203 795 3257 τῆς
817 3200 974 3259 αυλῆς,
1004 3204 1072 3246 fo-

249 3273 323 3303 res
355 3261 592 3314 vestibuli,
631 3274 745 3316 quae
773 3261 924 3303 aulam
948 3260 1071 3303 clau-

249 3315 359 3360 dunt
381 3330 539 3361 versus
564 3317 695 3361 viam
722 3331 762 3359 v.
788 3315 984 3360 Brem1
1012 3317 1069 3359 ad

245 3372 441 3435 Lysiam.
464 3390 512 3444 p.
537 3373 581 3418 9.
638 3373 812 3417 Deinde
836 3388 917 3431 pro
942 3374 1066 3431 vulg.

243 3445 559 3491 κροτουμενην
582 3445 638 3476 ex
649 3430 828 3488 optimis
850 3432 976 3475 codd.
996 3444 1069 3475 re-

1154 1945 1364 1998 ἔνδοθεν,
1392 1940 1611 1994 Ἀττικῶς·
1641 1945 1798 2000 κροτεῖ
1811 1939 1859 1985 δε
1872 1936 1970 1984 Ελ-

1151 2003 1360 2060 ληνικῶς.
1400 2002 1481 2046 ubi
1510 1999 1774 2045 Valcken.
1802 1995 1971 2067 κρούει

1151 2061 1394 2117 legendum
1460 2059 1645 2102 censuit.
1714 2057 1966 2100 verissime.

1150 2119 1264 2162 Nam
1324 2116 1443 2173 quod
1503 2117 1776 2160 Pierson.
1878 2128 1966 2169 quo

1150 2178 1350 2218 tueretur
1419 2175 1649 2231 vulgatam
1712 2146 1966 2224 lectionem,

1147 2231 1406 2300 provocavit
1422 2231 1479 2274 ad
1511 2232 1633 2273 hunc
1661 2230 1810 2272 locum
1835 2229 1967 2295 Sym-

1148 2289 1264 2346 posii
1305 2294 1349 2331 et
1395 2289 1451 2332 ad
1491 2288 1770 2344 epigramma
1803 2284 1969 2332 Leonis

1148 2346 1370 2390 Dorvillio
1391 2345 1446 2389 ad
1462 2345 1690 2388 Chariton.
1714 2358 1755 2399 p.
1773 2342 1966 2386 31.·1au-

1149 2404 1325 2456 datum,
1362 2403 1486 2446 locus
1527 2401 1770 2467 Symposii
1785 2404 1964 2455 propter

1115 2474 1122 2479 ·
1149 2461 1383 2504 meliorem
1413 2460 1618 2503 codicum
1644 2449 1881 2500 lectienem
1901 2455 1962 2498 ad

1149 2518 1412 2562 firmandam
1446 2518 1542 2560 eius
1564 2513 1826 2559 sententiam
1846 2512 1962 2555 nihil

1150 2577 1295 2627 valet3
1333 2574 1445 2617 illud
1494 2573 1771 2639 epig-ramma
1805 2575 1961 2614 autem

1148 2646 1307 2688 parum
1333 2633 1471 2674 habet
1492 2644 1573 2673 auc
1578 2629 1765 2672 totitatis
1793 2628 1879 2669 hac
1912 2627 1962 2669 in

1146 2703 1221 2741 re,
1251 2687 1603 2744 quandoquidem
1623 2684 1780 2755 optimi
1798 2684 1962 2740 quique

1148 2746 1383 2801 scriptores
1411 2745 1547 2787 Attici
1576 2740 1764 2823 κρούειν
1801 2741 1963 2783 dixisse

1142 2802 1438 2858 reperiuntur
1452 2816 1491 2843 V.
1497 2802 1696 2844 Muret.
1708 2801 1806 2842 Var.
1817 2799 1852 2841 1
1856 2802 1957 2841 ectt.

1143 2857 1806 2915 I.17.etintpp.adXenoph.
1825 2855 1957 2911 Sym-

1141 2931 1232 2973 pos.
1260 2917 1296 2960 Ι.
1328 2916 1398 2959 11.
1455 2914 1664 2958 Proxima
1683 2915 1831 2956 labem
1852 2925 1958 2954 eon-

1141 2978 1378 3017 traxerant.
1449 2973 1603 3028 Neque
1642 2969 1762 3013 enim
1811 2970 1953 3011 haeca

1140 3028 1203 3080 ῶς
1231 3031 1484 3085 κωμαστῶν
1511 3053 1540 3061 -
1571 3052 1600 3061 -
1628 3023 1818 3071 ἀκούειν
1854 3030 1957 3080 apte

1138 3088 1435 3131 cohaerebant
1457 3101 1558 3128 cum
1578 3083 1955 3152 praecedentibus,

1137 3150 1370 3200 propterea
1406 3145 1523 3200 quod
1566 3148 1664 3197 post
1699 3142 1952 3206 παρασχεῖν

1138 3207 1359 3244 commate
1400 3206 1495 3244 erat
1543 3199 1810 3242 distinctum.
1876 3196 1952 3238 Vi-

1135 3258 1250 3301 tium
1262 3257 1521 3301 sustulimus
1541 3264 1710 3300 mutata
1721 3256 1950 3311 interpun-

1134 3315 1294 3367 ctione,
1324 3330 1412 3371 qua
1435 3316 1620 3382 probata
1641 3327 1727 3356 non
1748 3317 1814 3355 est
1831 3311 1950 3380 quod

1135 3386 1238 3414 cum
1277 3372 1445 3418 Astio
1497 3371 1696 3428 corrigas
1746 3368 1826 3413 καὶ
1885 3364 1949 3419 ῶς

1131 3429 1387 3487 κωμαστῶν
1424 3429 1498 3473 vel
1542 3427 1623 3474 καὶ
1682 3426 1953 3485 κωμαστῶν.
