2040 3646
305 150 407 206 108

972 145 1338 203 PLATONIS

210 292 263 348 E
304 280 688 362 διαδεδεμένην
698 281 756 345 ἐν
775 287 854 366 τῷ
873 281 1084 360 σώματι
1103 286 1195 346 καὶ
1211 288 1776 392 προςκεκολλημένην,
1802 313 1984 374 αναγ-

302 365 617 446 καζοιιένην
631 368 691 426 δὲ
716 363 892 446 cogno
925 367 997 428 δι’
1021 371 1251 447 εἱογμοῦ
1286 369 1391 431 διὰ
1413 372 1620 434 τούτου
1653 380 1984 434 σκοπεῖσθαι

300 447 367 509 τὰ
389 447 540 524 ὄντα,
580 449 721 511 ἄλλα
745 451 822 534 μὴ
849 451 1026 534 αὐτὴν
1042 453 1119 516 ,’δι
1141 453 1350 564 al'vflssg
1392 459 1486 518 καὶ
1508 459 1566 518 ἐν
1593 457 1744 535 πάσῃ
1769 457 1982 544 ἀμαθία

299 537 768 617 κυλινδουμένην,
818 539 930 597 καὶ
972 545 1080 599 τοῦ
1114 541 1343 619 εἱργιιοῦ
1374 540 1479 647 τὴν
1514 542 1795 623 δεινότητα
1829 567 1982 603 κατι-

299 622 512 693 δοῦσα,
571 618 656 681 ὅτι
678 621 760 682 δι’
783 622 1082 700 ἐπιθυμίας
1116 625 1288 699 ἐστίν,
1343 625 1419 700 ὥς
1454 624 1523 686 ἂν
1546 627 1781 705 μάλιστα
1804 626 1985 701 αὐτὸς

174 709 256 768 83
299 701 332 763 ὃ
355 705 639 784 δεδεμένος
671 704 999 787 ξυλλήπτωρ
1036 712 1119 789 εἰη
1147 715 1224 793 τῷ
1252 712 1541 786 δεδέσθαι,
1581 747 1667 758 --
1707 709 1841 791 ὅπερ
1876 705 1984 772 οὖν

294 789 467 868 λέγω,
517 790 918 870 γιγνώσκουσιν
950 795 1004 852 οἱ
1031 799 1391 876 φιλομαθεῖς,
1433 794 1519 856 ὅτι
1559 794 1706 857 οὕτω
1733 802 1984 872 παραλα-

293 879 479 952 βοῦσα
510 874 549 956 ὴ
585 878 900 955 φιλοσοφία
938 879 1176 955 ἔχουσαν
1214 878 1398 942 αὐτῶν
1445 904 1547 962 την
1579 879 1771 962 ψυχὴν
1802 879 1982 962 η’ρέμα

292 967 703 1041 παραμυθεῖται
751 963 845 1022 καὶ
881 961 1037 1025 λύειν
1073 965 1350 1045 ἐπιχειρεῖ,
1422 966 1801 1047 ἐνδεικνυμένη
1816 1010 1833 1040 ,
1898 963 1984 1028 ὅτι

347 1141 455 1198 Cap.
475 1141 686 1187 xxxm.
742 1138 803 1188 δι’
817 1143 1027 1212 εἱργμοῦ]
1059 1145 1174 1212 Aug.
1197 1145 1278 1191 alii
1304 1145 1507 1206 εἱργμοῦ,
1544 1147 1662 1204 quod
1682 1146 1864 1243 probari
1891 1161 1980 1191 non

289 1212 419 1255 posse
439 1200 614 1243 docebit
635 1201 859 1244 annotatio
882 1202 1188 1272 grammatica.

344 1256 726 1329 κυλινδουμένην]
756 1260 806 1301 V.
829 1258 1163 1315 καλινδουμένη
1167 1276 1207 1303 ν.

347 1308 422 1357 ὅτι
448 1311 508 1357 δι’
531 1311 786 1372 ἐπιθυμίας
807 1312 946 1372 ἐστίν]
974 1318 1097 1360 Unus
1118 1319 1239 1360 Flor.
1263 1333 1289 1362 ο
1317 1310 1376 1364 δι’
1401 1314 1655 1375 ἐπιθυμίας
1680 1313 1786 1363 ἔστί.
1829 1315 1976 1363 Ceteri

285 1369 431 1414 libri
417 1386 463 1415 m
487 1373 671 1429 vulgata
691 1373 882 1417 lectione
905 1375 1195 1422 consentiunt.

286 1513 371 1567 τῆς
393 1513 548 1570 ψυχῆς
573 1512 635 1565 ὥς
655 1513 947 1583 τεθαμμένης
968 1511 1016 1560 ἐν
1034 1516 1102 1574 τῷ

284 1571 372 1617 νῦν
396 1571 609 1643 παρόντι.
666 1573 786 1614 Hinc
818 1558 1101 1629 inteiligitur,

284 1628 391 1683 quid
416 1629 473 1672 sit
495 1626 643 1699 ω’ςπερ
667 1624 725 1673 δι’
739 1630 976 1697 εἱργμοῦ-
997 1644 1099 1676 σκο-

283 1688 479 1730 πεῖσθαι
499 1683 559 1730 τὰ
573 1682 701 1732 ὄντα.
758 1689 809 1731 It
802 1702 828 1730 ι
853 1687 972 1730 enim
992 1687 1101 1730 scri-

283 1744 479 1787 bendum
489 1759 598 1797 esse,
625 1759 767 1799 neque
777 1761 803 1787 v
806 1759 881 1786 ero
894 1744 1099 1813 εἱργμοῦ,

283 1801 438 1855 quod
425 1816 471 1843 ιιι
488 1802 618 1844 libris
636 1802 807 1856 aliquot
823 1801 898 1844 hic
918 1809 961 1846 et
976 1802 1100 1845 dein-

281 1857 339 1899 de
362 1858 577 1914 scriptum
596 1863 757 1911 exstat,
787 1859 943 1904 docent
962 1861 1099 1908 verba

281 1914 578 1959 Eustathii
629 1916 685 1962 ad
739 1915 897 1985 odyss.
940 1913 998 1959 α’.
1051 1932 1095 1972 p.

279 1971 409 2017 1387.
440 1975 508 2018 ed.
539 1976 672 2017 Rom.
703 1973 816 2017 καὶ
813 1969 865 2017 τὸ
888 1972 954 2032 εἴρ
959 1989 1021 2028 γω
1047 1972 1098 2017 δὲ

223 2080 229 2087 ἱ
284 2025 362 2073 ἐπὶ
386 2045 470 2086 μεν
489 2032 573 2077 τοῦ
596 2028 756 2075 κωλύω
789 1989 983 2085 ἐψίλουν
1017 2030 1096 2086 (οὶ

218 2092 226 2100 ’
278 2079 516 2155 Ἀττικοί)·
575 2088 656 2132 καὶ
705 2089 868 2156 δῆλον
898 2086 948 2132 ἐκ
1007 2088 1095 2134 τοῦ

210 2141 213 2145 ’
279 2138 510 2214 ἅπεῖρξεν.
566 2143 644 2191 ἐπὶ
691 2105 763 2190 δὲη
783 2145 869 2191 τοῦ
913 2142 1093 2200 ἐγκλείει)

279 2199 535 2258 ἐδάσυνον,
578 2200 641 2253 ὥς
669 2204 804 2273 δηλοῖ
822 2199 875 2247 τὸ
903 2205 1095 2273 καθεῖρ-

278 2259 370 2312 ξεν·
413 2236 535 2308 ὅθεν
559 2260 641 2306 καὶ
673 2259 923 2306 δασύνεται
953 2259 1033 2306 καὶ
1063 2278 1092 2318 η

277 2317 453 2389 εὶςκτή.

334 2371 408 2422 ότι
430 2369 488 2420 δι’
507 2374 763 2430 ἐπιθυμίας
787 2371 923 2427 ἐστι’,ν
949 2372 1010 2425 ὥς
1034 2390 1093 2419 αν

277 2448 326 2489 μ.
349 2457 379 2467 -
406 2434 473 2503 τῷ
509 2433 758 2503 δεδέσθαι]
798 2432 1094 2475 Heindor-

275 2490 363 2534 fio
390 2477 452 2535 τὸ
468 2486 526 2533 δι’
552 2488 807 2545 ἐπιθυμίας
842 2486 961 2534 εἶναι
991 2503 1094 2558 pas-

276 2548 371 2592 sive
400 2547 661 2618 capiendum
691 2548 887 2599 videtur,
928 2550 979 2588 ut
1011 2542 1091 2591 διὰ

273 2605 492 2676 χαρίτωνζ
522 2602 602 2649 διὰ
601 2606 847 2673 σπουδῆς,
868 2579 959 2646 διὰ
978 2601 1095 2659 μνή-

308 2638 492 2763 ηὲὶιιῗῗ
503 2677 668 2773 ξυέξῗ).
670 2660 1091 2761 ⁶{”⁰‘‹‘:1{¹1³.2³3‘3¹e‘nt0‘1²1¹²

275 2776 368 2819 tiae
390 2777 609 2821 rationem
632 2776 785 2820 attulit
803 2776 943 2825 hanc,
973 2775 1091 2830 quod

277 2831 463 2891 εἱργμός
481 2834 553 2876 vix
577 2834 664 2876 dici
685 2838 816 2888 queat
829 2830 1087 2886 ἐπιθυμεῖν.

275 2891 335 2934 Et
371 2893 565 2946 profecto
605 2892 722 2933 hanc
763 2889 1090 2945 interpretatio-

275 2961 380 2990 nem
414 2948 544 2990 unice
580 2962 734 2994 veram
753 2962 865 2988 esse
890 2948 961 2988 vel
987 2960 1090 3000 pro-

274 3004 396 3049 xima
405 3007 544 3054 verba
550 3005 756 3061 evincere
766 3003 899 3047 alicui
911 3019 935 3043 v
940 3003 1090 3049 idean-

183 3082 199 3095 ·
275 3067 373 3115 tur,
427 3062 465 3104 si
495 3062 673 3117 quidem
703 3061 767 3103 ita
798 3060 1089 3115 intelligenda

274 3123 447 3172 essent,
489 3126 538 3162 ut
576 3118 874 3184 Heindorf.
904 3116 1085 3162 censuit.

274 3175 366 3219 Hie
402 3175 520 3218 enim
563 3171 624 3224 ὥς
658 3190 737 3230 pro
774 3169 883 3223 ω’ςτε
919 3174 1087 3214 dictum

273 3233 467 3288 accepit,
520 3239 570 3275 ut
591 3234 708 3279 idem
737 3231 871 3280 etiam
898 3230 1088 3284 exprimi

273 3289 339 3337 uic
376 3290 595 3345 potueritt
651 3284 761 3337 ω’ςτε
802 3285 861 3331 ἂν
888 3286 1086 3342 μάλιστα

273 3341 356 3390 τὸν
377 3346 618 3402 δεδεμένον
647 3344 936 3402 ξυλλήπτορα
967 3342 1086 3389 εἶναι

273 3404 339 3487 τῷ
361 3403 595 3457 ᾶεδέσθαι.
637 3404 694 3448 At
720 3404 838 3448 enim
866 3415 975 3447 vero
1005 3415 1086 3446 nec

1167 1515 1255 1560 ista
1274 1515 1389 1568 ratio
1411 1516 1507 1559 ullo
1536 1516 1668 1562 modo
1695 1517 1978 1573 comprobari

1166 1579 1289 1630 poten-
1272 1580 1331 1626 1-t‚
1388 1579 1432 1616 et
1463 1572 1671 1630 δεινότης
1699 1573 1804 1626 illa,
1861 1589 1976 1629 quae

1166 1632 1234 1689 τῷ
1252 1631 1420 1691 εἱργμςὸ
1442 1610 1668 1686 tribuitur,
1699 1605 1883 1673 suadere
1906 1632 1975 1674 vi·-

1165 1675 1317 1744 detur,
1375 1695 1425 1731 ut
1468 1685 1526 1731 δι’
1555 1668 1807 1742 ἐπιθυμίας
1853 1685 1974 1732 ἐστίν

1164 1746 1307 1788 active
1326 1745 1643 1812 intelligamus.
1699 1745 1855 1800 Itaque
1883 1759 1973 1802 ego

1164 1810 1307 1845 totum
1325 1803 1475 1845 locum
1505 1803 1569 1844 sic
1596 1802 1710 1845 inter
1741 1809 1876 1845 retor.
1922 1807 1974 1846 et

1163 1875 1332 1928 quum
1382 1859 1570 1927 philos
1585 1859 1756 1915 ophia
1810 1860 1973 1902 clau-

1163 1917 1273 1962 stri
1301 1917 1477 1961 istius
1505 1916 1616 1960 vim
1657 1920 1710 1960 et
1751 1916 1871 1959 diri
1887 1921 1973 1960 ta·-

1163 1979 1273 2017 tem
1303 1973 1707 2029 perspexit,
1758 1971 1970 2030 quippe

1163 2032 1310 2086 quod
1366 2031 1571 2087 cupide
1626 2031 1788 2086 quasi
1853 2031 1971 2072 cir-

1160 2089 1525 2156 cumspiciat,
1555 2087 1830 2144 quomodo
1857 2087 1926 2133 ill
1941 2102 1968 2131 e

1159 2145 1312 2201 ipse,
1372 2146 1469 2201 qui
1508 2145 1815 2187 devinctus
1855 2149 1967 2199 est,

1161 2203 1408 2246 maxime
1458 2203 1523 2246 ad
1569 2202 1628 2245 id
1679 2202 1968 2254 conferat,

1158 2266 1217 2303 ut
1246 2264 1445 2327 captu?
1486 2263 1778 2311 teneatur3
1829 2272 1966 2315 quam

1157 2317 1563 2374 interpretationem
1580 2316 1837 2359 confirmant
1854 2329 1969 2370 quae

1158 2389 1262 2418 mox
1292 2389 1333 2429 p.
1354 2373 1424 2417 83.
1452 2375 1506 2417 D.
1546 2375 1769 2429 leguntur.
1825 2372 1970 2416 Nimi-

1156 2446 1259 2474 rum
1289 2425 1347 2474 δι’
1382 2428 1635 2486 ἐπιθυμίας
1675 2427 1794 2473 ἐστίν
1834 2443 1967 2473 sensu

1156 2487 1453 2546 praegnanti,
1502 2502 1639 2543 quem
1685 2486 1967 2542 grammatici

1155 2551 1340 2596 vocant,
1367 2544 1671 2612 accipiendum
1691 2543 1887 2614 videtur,
1916 2548 1967 2589 ut

1157 2608 1276 2646 recte
1294 2602 1396 2645 addi
1420 2601 1612 2660 potuerit
1633 2616 1694 2650 ως
1724 2615 1835 2644 αν-
1862 2600 1966 2654 ξυλ-

1156 2657 1341 2717 λήπτωρ
1362 2658 1447 2727 εἴη,-
1477 2660 1577 2714 Qua
1592 2657 1801 2712 loquendi
1822 2659 1965 2702 forma

1157 2731 1236 2760 cur
1268 2731 1374 2761 usus
1405 2715 1463 2758 sit
1492 2715 1817 2782 philosophus,
1847 2715 1964 2758 ratio

1154 2773 1202 2816 in
1222 2779 1396 2829 promtu
1416 2777 1505 2815 est:
1546 2772 1726 2827 mitigat
1748 2771 1868 2814 enim
1895 2772 1964 2815 di-

1155 2830 1311 2873 ctionis
1340 2829 1583 2877 audaciam.
1641 2828 1844 2884 Denique
1880 2842 1963 2885 pro

1152 2888 1219 2945 τῷ
1246 2885 1466 2931 δεδέσθαι
1484 2887 1764 2931 scribendum
1788 2887 1962 2929 videtur

1151 2945 1237 2988 τοῦ
1279 2944 1522 2996 δεδέσθαι,
1577 2959 1691 2999 quae
1732 2943 1961 2987 verissima

1153 3006 1220 3044 est
1248 3003 1293 3044 H
1313 3017 1338 3044 e
1356 3002 1374 3044 i
1397 3017 1426 3043 n
1445 3002 1472 3042 d
1490 3015 1515 3043 o
1535 3015 1559 3043 r
1575 3001 1651 3043 fi
1637 3016 1655 3043 1
1692 3001 1957 3044 coniectura.

1153 3058 1536 3112 Quemadmodum
1596 3058 1716 3100 enim
1770 3059 1961 3100 verbum

1153 3113 1481 3184 ξυλλαμβάνειν
1515 3129 1614 3157 cum
1654 3114 1849 3183 genitivo
1892 3113 1961 3158 rei

1152 3188 1256 3216 cons
1238 3174 1434 3226 eti-uitur,
1461 3172 1527 3215 ita
1545 3172 1678 3222 etiam
1694 3171 1958 3231 ξυλλήπτωρ

1152 3235 1197 3272 et
1233 3230 1366 3287 ξυλλή
1372 3245 1527 3286 πτςια.
1575 3245 1618 3272 v.
1656 3228 1959 3279 Heindorf.

1152 3288 1207 3342 ud
1226 3289 1270 3330 h.
1293 3289 1323 3331 1.
1347 3293 1392 3339 et
1416 3287 1610 3330 Matth.
1635 3289 1675 3339 §.
1696 3283 1794 3329 325.

1209 3347 1258 3388 P.
1283 3345 1352 3389 83.
1411 3339 1439 3399 ἦ
1486 3343 1560 3398 ’μα
1590 3341 1960 3405 παραμυθεῖται]

1150 3402 1261 3451 Vide
1281 3403 1338 3454 ad
1354 3402 1451 3459 pst
1420 3359 1571 3446 ⁶15)AE
1844 3451 1848 3453 ,
