2040 3646
541 139 956 233 APOLQGIA
989 159 1827 219 socRAT15.73

149 296 308 376 ὑμῶν
331 298 387 359 οὶ
406 302 700 374 δοκοῦντες
720 299 1000 379 διαφέρειν
1024 300 1124 359 εἴτε
1147 298 1320 381 σοφίᾳ
1360 297 1461 358 εἴτε
1494 292 1696 401 ανδρίᾳ
1725 295 1827 356 εἴτε

151 381 290 461 αλλῃ
329 381 587 461 ’ᾑτινιοῦν
611 382 775 462 αρετῇ
806 389 1055 444 τοιοῦτοι
1090 385 1333 457 ἔσονται,
1378 378 1604 460 αἰσχρὸν
1627 377 1696 440 α“ν
1725 382 1826 461 εἴη·

151 470 412 547 οιουςπερ
453 467 553 548 ἐγώ
590 468 855 541 πολλάκις
890 467 1102 546 ἑωρακά
1136 490 1286 539 τινας
1368 463 1500 525 ὅταν
1524 466 1828 542 κρίνωνται,

128 556 492 631 ὴδοκοῦνιάς
482 554 579 613 ιιέν
602 576 652 612 τι
676 550 837 626 εἶναι,
879 551 1170 631 θαυιιασια
1193 553 1252 610 δὲ
1287 550 1712 629 ἐργαζοιιένους,
1755 573 1830 623 ως

152 636 333 696 δεινόν
358 661 410 697 τι
446 638 735 715 οἰοιιένους
767 638 1124 710 πείσεσθαι,ε
1100 638 1148 696 εἰ
1180 634 1614 709 ἀποθανοῦνται,
1655 632 1831 714 ωςπερ

153 719 447 782 ἅθανατων
469 723 763 799 ἐσομένων,
807 720 900 781 ἐὰν
926 720 1084 799 ὑμεῖς
1109 716 1318 791 αὐτούς
1350 716 1426 799 μὴ
1466 717 1828 799 αποκτείνητε·

153 807 209 865 οἳ
233 806 351 883 ἐμοὶ
376 810 642 890 δοκοῦσιν
665 805 932 887 αἰσχύνην
958 811 1027 882 τῇ
1049 804 1207 864 πόλει
1235 803 1572 880 περιάπτειν,
1615 801 1733 877 ‹iigv'
1762 802 1831 864 ἄν

152 913 274 950 τινα
294 891 387 949 καὶ
411 896 520 950 τῶν
543 889 707 962 ξένων
731 889 883 950 vno>
886 895 1059 967 αβεῖν,
1103 886 1185 948 ὅτι
1213 889 1268 946 οἱ
1291 889 1643 967 διαφέροντες
1662 887 1830 969 Ἀθη-

152 975 323 1035 ναίων
357 976 433 1048 εἷς
465 973 690 1057 ἀρε-την,
732 971 839 1048 οὓς
875 972 1038 1034 αὐτοὶ
1071 974 1334 1033 ἓαυτῶν”
1304 996 1360 1033 εν
1397 995 1452 1032 τε
1480 979 1599 1046 ταῖς
1638 970 1831 1051 α’ρχαῖς

153 1060 249 1121 καὶ
280 1065 398 1132 ταῖς
432 1057 622 1133 &Ualg
660 1067 838 1139 τιμαῖς
870 1059 1295 1136 προκρίνουσιν,
1360 1044 1522 1116 οὗτοι
1556 1080 1834 1136 γυναικων

155 1141 323 1203 οὕδεν
356 1145 704 1223 διαφέρουσι.
784 1150 960 1204 ταῦτα
1012 1168 1147 1222 γαρ,
1216 1133 1260 1200 ὦ
1304 1138 1497 1220 ἄνδρες
1534 1140 1834 1250 Ἀθηναῖοι,

132 1225 283 1289 οὔτε
307 1226 452 1309 ηιιᾶς
480 1228 630 1311 χρὴ
614 1236 792 1290 ποιεῖν
817 1226 954 1302 τοὺς
981 1233 1288 1300 δοκοῦντας
1313 1229 1407 1286 καὶ
1440 1225 1635 1287 ὁτιοῦν
1681 1234 1835 1302 εἰναι,

213 1377 319 1426 ουτε
353 1377 499 1438 ἡμᾶς]
540 1381 687 1438 Vulgo
723 1377 869 1438 ὑμᾶς,
912 1381 1029 1438 quod
1057 1395 1109 1424 ex
1136 1394 1223 1423 uno
1256 1379 1351 1422 cod.
1387 1379 1508 1424 Flor.
1533 1379 1704 1423 mutavi
1735 1394 1839 1424 cum

154 1438 328 1480 Forstcz
313 1453 374 1482 vo.
400 1453 444 1482 v.
470 1445 663 1482 annotat.

213 1494 293 1539 καὶ
323 1489 480 1539 ὁτιοῦν
509 1493 661 1551 εἶναι]
690 1495 768 1537 Sic
788 1509 846 1540 ex
863 1495 1032 1552 aliquot
1051 1494 1181 1540 libris
1201 1493 1391 1552 reposui.
1448 1493 1594 1552 Vulgo
1621 1492 1701 1539 καὶ
1724 1490 1840 1551 ὁπη-

159 1552 294 1597 τιοῦν
315 1549 448 1597 εἶναι.
475 1567 516 1596 V.
540 1557 687 1597 annot.

214 1693 266 1737 P.
288 1691 357 1737 35.
385 1693 639 1746 δοκοῦντας
655 1691 738 1750 μέν
758 1709 805 1738 τι
823 1688 963 1749 εἶναι]

159 1750 207 1793 h.
241 1764 279 1793 e.
319 1751 421 1806 qui
455 1752 800 1795 viderentur
838 1766 892 1793 es
910 1766 967 1793 se

160 1807 449 1863 sapientia
469 1810 660 1852 nescio
686 1823 792 1863 qua
814 1823 968 1863 prae-

162 1864 283 1907 diti.
311 1879 352 1908 ν.
380 1866 673 1915 Matthiae
701 1869 743 1920 §-
768 1865 866 1908 4237.
897 1863 938 1908 5.

219 1937 282 1971 ως
301 1919 454 1965 δεινόν
487 1940 533 1966 τι
557 1921 798 1978 οἰομένους
822 1923 966 1966 πείσε-

163 1978 318 2046 σθαι]
329 1979 427 2021 Non
445 1985 579 2046 recte,
601 1981 767 2035 opinor,
796 1980 840 2021 H
853 1994 876 2020 e
888 1980 905 2021 i
917 1995 969 2021 n·-

163 2036 192 2078 d
203 2050 261 2077 or
275 2036 318 2077 f·
305 2050 359 2078 ιιι
370 2050 390 2077 s
430 2051 492 2086 ως
533 2052 635 2080 cum
672 2033 824 2080 δεινόν
866 2051 970 2079 con-

161 2092 326 2144 nectit,
354 2097 403 2134 ut
422 2093 534 2136 haee
558 2095 715 2137 vocula
750 2092 967 2149 significet

162 2165 209 2216 p
209 2164 232 2192 e
245 2164 267 2190 r
282 2164 310 2203 q
326 2163 470 2191 uam·
457 2180 470 2201 ‚
512 2151 636 2193 cuius
681 2151 969 2206 significatio-

162 2206 234 2251 nis
257 2208 467 2261 exempla,
495 2222 607 2262 quae
633 2208 688 2250 ad
718 2209 788 2250 Οτι
789 2208 884 2263 1ty.1
922 2223 964 2262 p.

163 2263 234 2307 41.
265 2269 309 2306 et
335 2264 561 2308 Phaedon.
590 2280 631 2319 p.
646 2262 742 2309 152.
771 2223 968 2321 collegit,

163 2334 220 2363 ea
238 2334 394 2363 vereor
422 2327 472 2363 ut
503 2322 690 2377 probent
729 2323 845 2376 quod
869 2337 970 2378 pio-

163 2378 359 2423 bandum
380 2382 486 2422 erat.
542 2380 644 2421 Hoc
673 2379 850 2433 quidem
869 2381 968 2422 loco

164 2450 227 2485 ως
244 2435 521 2477 referendum
546 2440 613 2478 est
639 2438 694 2479 ad
715 2434 968 2491 οἰομένους,

163 2491 251 2536 hoc
271 2506 422 2534 sensu.
467 2493 676 2548 quippe
705 2508 738 2536 s.
769 2500 862 2549 utp
878 2499 969 2536 ote

164 2562 194 2604 ι)
210 2552 403 2592 utante
419 2563 438 2591 s
475 2564 494 2591 s
509 2564 533 2591 e
572 2549 800 2606 indigni
836 2551 971 2618 quid

166 2619 294 2650 esse
334 2619 456 2661 pass
470 2620 569 2649 uro
583 2622 617 2650 s.
694 2608 871 2650 Etenim
908 2623 971 2657 ως

166 2676 478 2717 saepenumero
495 2677 675 2706 causam
699 2671 742 2708 et
755 2665 973 2707 rationem

159 2718 361 2765 indicare
405 2733 534 2762 nemo
562 2721 762 2777 ignorat,
801 2729 851 2765 ut
887 2737 972 2764 non

166 2775 414 2831 videamus,
445 2790 524 2820 cur
559 2778 606 2820 H
619 2792 643 2819 e
656 2778 875 2827 indorfi
890 2794 919 2821 u
932 2794 974 2832 S,

168 2832 209 2876 si
243 2834 401 2876 vocula
437 2832 484 2877 h.
532 2834 563 2876 l.
604 2849 706 2878 cum
743 2836 972 2892 participio

168 2894 463 2941 connectatur,
486 2883 562 2935 ἅτε
578 2891 856 2934 scribendum
868 2894 974 2935 fuis-

169 2960 217 2988 se
230 2921 502 2989 iudicaverit.
559 2948 805 2991 cohaerent
824 2957 973 2993 autem

167 3002 280 3047 haec
307 2995 443 3046 verba
475 3004 718 3048 arctissime
762 3021 864 3048 cum
900 3007 954 3049 iis
936 3038 972 3060 ,

169 3073 283 3128 quae
310 3060 509 3130 proximo
533 3062 819 3117 praecedunt·
850 3065 969 3107 θαυ-

168 3113 315 3172 μάσια
333 3115 381 3160 δὲ
399 3113 741 3176 ἐργαζομένους,
759 3120 846 3161 hoc
874 3136 971 3163 sen-

169 3187 244 3218 su:
273 3174 417 3216 mira
453 3182 646 3219 tamen
674 3175 972 3230 facientes,

169 3230 387 3286 quippe
416 3246 448 3275 ε.
480 3237 688 3299 utpote
730 3233 830 3288 qui
868 3249 973 3290 pu-

169 3290 255 3331 tar
266 3302 290 3328 e
303 3292 361 3330 nt
389 3293 471 3332 etc.
500 3289 691 3333 Fallitur
721 3289 861 3346 igitur
878 3292 915 3333 Ε
927 3306 977 3332 ιι-

211 3358 235 3386 e
246 3342 341 3386 lha
354 3344 412 3385 rd
428 3350 482 3388 tu
497 3360 542 3400 s,
579 3346 656 3400 qui
694 3360 781 3403 quo
832 3348 978 3403 magis

167 3355 273 3445 fio
259 3399 352 3445 iud
363 3400 423 3444 οι·
435 3400 476 3446 f
462 3417 478 3447 ι
489 3402 506 3447 i
572 3380 977 3462 interpretationem

1032 1692 1333 1746 confirmaret,
1382 1692 1605 1736 attendere
1652 1692 1840 1736 lectores

1031 1752 1159 1796 iussit
1180 1752 1235 1794 ad
1258 1765 1324 1802 ea,
1353 1764 1466 1807 quae
1486 1751 1753 1821 praecedunt
1775 1750 1841 1794 οῖ’-

1033 1823 1199 1866 ουςπερ
1240 1805 1317 1862 ἐγ
1291 1824 1325 1849 ω
1376 1805 1594 1857 πολλάκις
1630 1804 1841 1876 εώρακα,

1032 1867 1192 1933 quibus
1221 1865 1406 1921 simplex
1442 1863 1749 1920 participium,
1781 1881 1843 1914 ως

1032 1939 1121 1967 ιιοιι
1142 1922 1388 1974 interiecto,
1398 1921 1844 1979 adiungendumfuis-

1031 1996 1080 2025 se
1109 1979 1342 2023 contendit.

1088 2038 1142 2080 B.
1164 2029 1295 2080 οὗτοι
1308 2050 1539 2090 γυναικων
1549 2029 1685 2079 ουδεν
1698 2036 1737 2079 δ.
1740 2036 1760 2093 ]
1774 2037 1843 2080 De

1032 2094 1121 2137 hoc
1154 2109 1238 2136 usu
1270 2092 1542 2158 pronominis
1573 2093 1844 2136 demonstra-

1031 2152 1113 2194 tivi
1136 2156 1233 2207 post
1262 2148 1494 2205 participia
1523 2164 1624 2191 cum
1655 2150 1843 2193 articulo

1033 2208 1265 2251 coniuncta
1303 2220 1391 2248 non
1437 2206 1531 2248 sine
1559 2206 1608 2248 vi
1655 2207 1844 2261 quadam

1034 2270 1078 2307 et
1095 2279 1273 2364 gragvb
1208 2265 1313 2307 itate
1339 2262 1455 2306 illati
1481 2278 1522 2306 v.
1554 2263 1607 2305 M
1617 2268 1669 2306 at
1681 2269 1697 2306 t
1707 2264 1767 2306 11·
1752 2279 1770 2307 1
1781 2278 1808 2307 a
1817 2279 1844 2308 e

1101 2322 1156 2364 46

1034 2326 1075 2377 ἓ
1091 2374 1198 2423 οὔτε
1230 2353 1350 2433 ἡμᾶς
1380 2372 1464 2435 χρὴ
1492 2377 1670 2434 ποιεῖν]
1713 2377 1845 2422 Ferri

1034 2451 1123 2480 ιιοιι
1138 2439 1278 2492 potest
1298 2436 1412 2490 quod
1435 2435 1569 2490 vulgo
1592 2436 1843 2491 legebatur,

1036 2491 1155 2549 ὑμᾶς
1169 2509 1236 2551 χρ.
1259 2508 1306 2535 π.
1338 2506 1473 2546 quum
1493 2492 1639 2534 statim
1644 2506 1844 2562 sequan-

1036 2557 1109 2595 tur
1144 2552 1256 2593 haec
1284 2551 1444 2591 verba:
1475 2543 1588 2602 οὔτ’,
1624 2543 1683 2592 ὃὶν
1715 2543 1846 2604 ἡμεῖς

1036 2609 1257 2662 ποιῶμεν,
1286 2600 1407 2660 ’ὖιιᾶς
1433 2581 1705 2663 ἐπιτρέπειν.
1737 2606 1846 2648 Sen-

1039 2665 1200 2709 sushic
1225 2678 1270 2706 e
1274 2668 1312 2705 t
1342 2677 1520 2718 neque
1550 2678 1647 2705 nos
1677 2663 1845 2707 decet

1037 2723 1190 2765 talia
1216 2723 1404 2763 facere
1434 2744 1485 2772 -,
1514 2735 1639 2772 nec,
1668 2720 1718 2762 si
1745 2733 1846 2762 nos

1039 2779 1250 2822 faciam
1267 2792 1355 2829 us,
1413 2787 1480 2819 vo
1497 2791 1516 2818 s
1574 2778 1738 2819 decet
1783 2790 1846 2819 ea

1041 2851 1064 2878 c
1081 2850 1218 2879 once
1235 2835 1361 2876 dere
1390 2839 1445 2876 et
1483 2832 1844 2902 permittere.

1040 2892 1255 2935 Similiter
1296 2906 1332 2932 c.
1364 2891 1517 2934 XXIV.
1570 2886 1677 2934 οὔτε
1722 2885 1847 2961 ἡμᾶς

1040 2947 1210 3019 ἐθίζειν
1257 2943 1376 3001 υμᾶς
1427 2944 1683 3005 ἐπιορκεῖν,
1736 2941 1845 2991 ονθ·’

1037 3004 1158 3063 ὑμᾶς
1187 3003 1439 3057 ἐθίζεσθαι.
1505 3006 1540 3047 V
1544 3006 1741 3061 ulgatam
1779 3008 1846 3047 ta-

1037 3079 1137 3106 men
1156 3062 1388 3106 lectionem
1404 3041 1618 3104 defenditO
1610 3075 1846 3117 argumen-

1035 3122 1092 3166 tis
1109 3134 1262 3175 parum
1273 3118 1442 3160 idoneis
1461 3119 1510 3161 M
1523 3134 1580 3161 or
1593 3134 1624 3175 g
1634 3133 1657 3159 e
1669 3133 1696 3159 n
1709 3134 1729 3161 s
1740 3123 1757 3160 t
1769 3132 1793 3159 c
1803 3132 1848 3159 r-

1037 3177 1165 3221 nius
1196 3177 1265 3232 S)
1275 3175 1435 3217 mbol.
1465 3176 1585 3217 crit.
1593 3152 1664 3216 in
1688 3188 1849 3230 quae-

1042 3236 1166 3277 dam
1195 3234 1284 3275 lo(
1298 3247 1324 3276 a
1352 3231 1620 3275 Platonis
1650 3238 1704 3274 et
1731 3232 1848 3275 Ho-

1040 3290 1158 3334 rati
1172 3289 1188 3331 i
1219 3290 1427 3350 (Dorpat.
1457 3287 1581 3330 1821.
1592 3290 1612 3344 )
1642 3303 1684 3343 p.
1704 3289 1778 3330 lv.
1819 3311 1849 3322 -

1042 3347 1118 3392 καὶ
1152 3343 1310 3390 ὁτιοῦν
1344 3360 1461 3389 ειναι
1492 3346 1540 3386 h.
1567 3359 1606 3389 e.
1637 3343 1733 3404 qui
1759 3358 1819 3388 ve
1832 3338 1851 3388 l
1864 3353 1874 3360 ²

1041 3402 1337 3450 tantillum
1368 3400 1629 3446 virtutis
1653 3414 1719 3460 po
1735 3401 1852 3449 ssi-
