2040 3646
619 152 718 212 AD
752 157 1229 224 PHAEDONEM·
1721 161 1787 224 17

26 300 27 303 ’
102 293 257 337 dei-ent
287 293 335 337 in
366 292 587 337 humanae
616 291 776 336 mentis
807 292 1165 351 intelligentiam.
1222 286 1352 350 Quod
1384 287 1563 351 quidem
1585 302 1664 340 nec
1694 288 1787 352 ipso

99 366 194 408 ullo
214 365 346 407 modo
373 363 556 416 celavit,
587 368 637 407 ut
661 364 737 419 qui
758 375 844 406 non
864 366 1009 407 solum
1035 366 1352 418 Echecratem,
1383 366 1615 410 Simmiam
1641 373 1686 411 et
1705 370 1790 410 Ces

99 437 277 488 betam,
312 436 701 492 Pythagoreorum
731 434 990 491 discipulos5
1031 449 1132 478 cum
1164 437 1346 479 Socrate
1377 438 1678 494 colloquentes
1719 439 1789 482 ixx-

98 504 362 557 tmduxerit,
393 505 478 547 sed·
495 504 630 547 etiam
646 506 843 553 Philolai
876 507 1038 550 diserte
1073 507 1342 550 mentionem
1376 507 1601 563 iniecerit,
1639 515 1687 553 ut
1715 511 1790 554 vel

96 577 204 619 hinc
243 575 490 619 clarissime
523 575 804 632 intelligatur
835 591 938 620 eum
965 577 1184 633 imprimis
1209 577 1434 621 doctrinae
1458 580 1788 638 Pythagoricae

95 647 143 690 in
165 649 252 690 hoc
277 647 396 690 libro
422 646 639 689 rationem
663 647 888 691 habuisse.
945 649 1014 691 De
1043 662 1131 703 qua
1159 662 1208 690 re
1233 662 1274 691 v·.
1302 654 1448 693 annoti
1485 652 1539 694 ad
1567 663 1610 707 μ
1633 651 1705 694 61.
1731 652 1785 695 Aa

95 719 153 762 l).
182 734 226 775 μ
248 718 319 762 622
340 718 394 763 Β.
417 718 477 761 al.
533 717 699 759 verum
713 718 832 761 enim
852 731 980 771 vero,
1009 719 1126 774 quod
1147 718 1193 761 in
1215 719 1316 762 aliis
1340 719 1530 777 dialogis
1552 735 1580 764 a
1601 722 1787 764 Platone

94 790 264 832 factum
283 803 378 831 esse
395 787 599 830 novimus
612 812 626 840 -‚
666 792 717 831 ut
740 789 933 831 aliorum
955 791 1132 832 decreta
1158 790 1214 833 ad
1235 804 1362 833 suam
1383 791 1600 834 rationem
1624 792 1789 835 imma-³

95 864 211 904 taret
240 863 373 915 atque
403 858 678 911 emendarem
717 857 836 902 idem
869 859 1006 902 etiam
1029 859 1076 902 in
1097 860 1184 902 hoc
1214 860 1333 904 libro
1366 862 1533 904 factum
1566 875 1661 906 esse
1686 865 1787 919 plus

95 945 230 987 quam
247 928 492 973 verisimile
512 932 593 972 est.
653 930 921 984 Quanquam
955 935 1134 985 propter
1156 933 1391 984 tenebras,
1431 932 1592 986 quibus
1624 935 1788 977 doctri-³

94 1008 200 1044 nam
216 1000 602 1056 Pythagoreorum
617 998 863 1043 involutam
881 1014 978 1043 esse
997 1007 1190 1054 constat,
1219 1002 1325 1058 quid
1349 1002 1629 1058 potissimum
1648 1006 1705 1047 ab
1731 1019 1786 1048 eo

93 1071 380 1116 immutatum
415 1069 498 1123 sit,
545 1070 795 1113 accuratius
822 1071 1006 1114 definire
1034 1086 1121 1115 non
1155 1073 1313 1116 ausim.
1380 1073 1657 1118 Confer-enda
1685 1080 1789 1119 sunt

94 1147 268 1196 autem,
297 1141 336 1184 si
353 1154 543 1197 quorum
563 1140 745 1184 interest
773 1141 828 1183 de
851 1142 924 1186 his
950 1143 1084 1185 rebus
1112 1142 1370 1201 diligentius
1403 1143 1642 1200 dispicere«,
1673 1155 1787 1201 quae

93 1212 334 1270 disputavit
371 1213 458 1255 Fr.
487 1210 682 1256 Astius
709 1211 758 1255 in
784 1212 901 1257 libro
930 1215 1009 1257 De
1037 1213 1161 1259 Vita
1200 1220 1254 1258 et
1284 1213 1548 1272 Scriptis
1576 1216 1788 1260 Plato-

93 1284 183 1327 uls
211 1300 255 1340 p·-
287 1282 386 1327 1633

262 1343 648 1411 Quemadmodum
681 1357 830 1399 autem
849 1355 980 1400 Plato
1016 1345 1064 1399 in
1090 1346 1192 1400 aliis
1212 1355 1343 1402 libris
1379 1349 1602 1414 plerisque
1633 1364 1787 1402 rerunt

93 1425 488 1470 subtilissimarum
527 1426 870 1482 disputationem
905 1427 1131 1472 coniunxit
1163 1442 1268 1471 cum
1294 1428 1546 1473 narratione
1582 1434 1626 1473 et
1659 1421 1788 1485 quasi

92 1496 432 1541 adumbratione
460 1511 639 1551 eorum3
686 1512 801 1553 quae
829 1510 882 1541 ex
913 1498 1012 1554 ipsa
1042 1499 1274 1542 hominum
1302 1498 1395 1543 vita
1423 1504 1566 1543 essent
1596 1501 1788 1556 repetita

92 1566 399 1624 imprimisque
414 1568 471 1610 ad
494 1568 722 1611 Socratem
742 1569 1038 1624 pertinerent3
1067 1570 1131 1614 ita
1156 1570 1202 1613 in
1223 1570 1460 1614 Phaedone
1478 1570 1677 1626 quaestio
1706 1571 1788 1616 illa

93 1639 148 1681 de
170 1637 506 1681 immortalitate
524 1638 772 1681 animorum
795 1645 887 1683 tam
914 1646 1037 1684 arcte
1058 1642 1294 1685 coniuncta
1323 1646 1389 1684 est
1408 1655 1510 1683 cum
1532 1642 1788 1685 narratione

94 1710 150 1751 de
175 1708 384 1753 extremis
412 1709 608 1752 Socratis
625 1704 753 1753 dictis
777 1716 821 1754 et
847 1712 1000 1765 factis,
1037 1717 1086 1755 ut
1114 1712 1246 1755 facile
1276 1710 1374 1766 quis
1399 1711 1603 1755 dubitare
1621 1717 1666 1755 et
1689 1727 1788 1756 ama

92 1780 251 1837 bigere
286 1779 450 1836 possit,
491 1785 649 1841 utrum
676 1781 872 1827 Socratis
903 1783 1138 1826 morientis
1166 1783 1412 1839 imaginem
1446 1783 1633 1839 scriptor
1661 1783 1788 1826 exhi-'³

93 1853 201 1895 bere
222 1850 438 1904 volucrit,
488 1863 543 1895 an
575 1851 709 1896 fidem
740 1852 1085 1896 immortalitatis
1109 1854 1359 1897 animorum
1381 1853 1657 1910 argumentis
1681 1869 1788 1897 con:-

93 1923 273 1965 firmare
305 1926 348 1964 et
372 1921 598 1966 adiuvare.
679 1923 910 1967 Cernimus
946 1924 1066 1966 enim
1099 1924 1247 1967 virum
1278 1923 1680 1979 sapientissimum5
1729 1922 1788 1969 ad

93 1999 283 2036 mortem
312 1993 674 2046 condemnatum,
723 1995 883 2038 ultimo
911 1995 1028 2038 vitae
1055 1995 1128 2037 die
1159 1995 1206 2055 in
1229 2000 1407 2038 carcere
1433 2009 1538 2038 cum
1561 1995 1716 2039 amicis
1739 2001 1785 2040 et

93 2063 324 2120 discipulis
347 2063 627 2107 familiariter
647 2070 894 2107 versantem
922 2070 1054 2120 atque
1077 2080 1130 2108 ea
1147 2065 1308 2108 mentis
1337 2065 1687 2121 ινιιιιιμιίιίἰιιιιθ-9
1729 2081 1787 2110 ea

95 2135 301 2177 comitate
319 2139 363 2177 et
387 2134 616 2178 hilaritate
633 2135 687 2177 de
711 2137 844 2178 rebus
864 2136 1140 2192 gravissimis
1170 2137 1458 2180 disserentem
1471 2158 1486 2188 3
1527 2142 1577 2179 ut
1596 2138 1789 2193 legenti-³

92 2208 177 2249 bus
196 2220 282 2248 non
307 2206 363 2248 ad
382 2212 598 2258 mortem5
633 2206 710 2248 sed
737 2206 792 2249 ad
822 2206 960 2249 vitam
983 2208 1186 2260 beatam,
1237 2220 1372 2262 quam
1405 2207 1610 2263 generosi
1637 2213 1680 2250 et
1711 2221 1789 2250 exa

93 2277 201 2320 celsi
220 2276 290 2320 tir
308 2277 482 2333 ingenii
504 2276 653 2319 divina
674 2277 901 2334 praesagit
923 2285 1084 2334 mente,
1110 2279 1383 2321 discessurus
1410 2277 1624 2320 videatur.
1684 2269 1790 2322 Sin-⁴

95 2349 229 2404 gulae
253 2353 403 2391 autem
431 2352 576 2403 partes
599 2347 713 2390 inter
745 2347 1047 2403 colloquentes
1080 2353 1289 2404 personas
1320 2353 1411 2390 tam
1440 2349 1660 2404 sapienter
1683 2353 1788 2392 sunt

94 2419 381 2472 distributae,
410 2426 461 2464 ut
474 2419 707 2462 verissime
725 2418 989 2461 iudica'v'crit
1017 2418 1497 2476 Wytteubachius
1526 2419 1675 2462 omnia
1703 2421 1789 2463 har-

93 2491 201 2533 bere
219 2504 319 2532 eam
343 2504 493 2532 rerum
514 2504 566 2532 ac
589 2488 887 2544 dispositionis
909 2489 1163 2543 veritatem,
1202 2503 1318 2546 quae
1345 2490 1588 2546 legentium
1614 2490 1803 2539 animos

95 2560 416 2604 incredibiliter
434 2559 605 2617 capiat,
636 2565 805 2613 teneat,
836 2564 882 2603 et
902 2561 1025 2604 vario
1046 2561 1251 2617 deinceps
1276 2561 1440 2604 affectu
1465 2566 1631 2613 verset,
1661 2562 1786 2604 solli-

96 2630 328 2684 citudinis-2,
358 2631 782 2684 commiserationis,
809 2632 1134 2685 admirationis3
1162 2631 1519 2684 benevolentiam
1547 2630 1610 2673 ita
1634 2637 1683 2675 ut
1707 2632 1786 2674 hic

95 2714 241 2744 sermo
270 2715 373 2744 non·
391 2703 523 2744 modo
558 2702 700 2745 iustae
738 2702 994 2759 tragoediae
1026 2717 1260 2746 numerum
1289 2703 1511 2755 obtineat,
1553 2701 1630 2744 sed
1663 2693 1786 2746 omni

95 2771 295 2827 quamvis
313 2772 458 2816 flebili
476 2773 706 2831 tragoedia
727 2773 951 2818 efficacior
971 2773 1030 2818 sit
1053 2774 1110 2817 ad
1135 2772 1579 2817 communicationem
1597 2773 1785 2816 affectus
1805 2768 1808 2769 ⁷
1890 2771 1893 2773 ’

93 2857 148 2886 ac
167 2841 346 2885 doloris.

262 2914 390 2967 Quae
408 2917 546 2969 quum
562 2902 626 2958 ita
647 2903 758 2969 sitit,
795 2903 918 2959 haud
938 2929 1044 2959 sane
1062 2906 1208 2974 inepte
1227 2915 1501 2967 indicarum
1545 2913 1623 2970 qui
1643 2913 1783 2957 huius

97 2973 204 3027 libri
226 2974 460 3026 lectionem
479 2990 725 3029 statuerunt
749 2987 1103 3043 coniungendam
1122 2999 1217 3030 esse
1239 3002 1340 3029 cum
1359 2985 1604 3041 Apologia'e
1622 2992 1666 3027 et
1686 2985 1786 3027 Gri-

26 3046 36 3053 ’
95 3054 211 3098 tonis
237 3054 518 3109 tractatione,
554 3056 752 3112 adeoque
770 3057 900 3100 illum
927 3058 1081 3101 'eodem
1099 3060 1191 3101 fere
1222 3063 1442 3113 tempore,
1478 3056 1564 3098 hoc
1594 3062 1659 3098 est
1695 3070 1784 3098 non

95 3123 159 3168 ita
179 3117 322 3169 multo
342 3131 440 3182 post
463 3127 660 3170 Socratis
681 3128 868 3181 obitum,
896 3143 923 3172 a
942 3131 1129 3172 Platone
1154 3128 1368 3183 scriptum
1392 3131 1613 3182 putarunt.
1670 3127 1786 3169 Nam

96 3195 214 3249 quod
244 3194 292 3238 in
319 3204 372 3238 eo
406 3197 461 3239 de
499 3197 833 3242 immortalitate
868 3199 1120 3242 animorum
1151 3197 1491 3254 diligentissime
1527 3195 1787 3251 disputatrix-3

95 3269 228 3320 atque
253 3265 318 3309 ita
338 3271 388 3309 ut
406 3281 519 3321 quae
540 3268 647 3310 huic
669 3274 934 3325 argumento
955 3271 1102 3313 lucem
1126 3270 1385 3319 afl'undunt3
1423 3281 1476 3309 ea
1498 3267 1635 3325 simul
1652 3266 1788 3308 attin-

15 3327 31 3339 ³
96 3343 260 3392 gantur
277 3371 290 3394 ‚
318 3337 366 3380 i'd
387 3337 567 3394 quidem
587 3339 805 3382 eiusmodi
829 3345 924 3395 est3
957 3347 1030 3395 ut,
1065 3341 1152 3385 nisi
1179 3342 1292 3382 forte
1311 3339 1543 3382 Platonem
1560 3336 1786 3386 doctrinae

180 3449 295 3493 I'lat.
325 3447 438 3506 Opp.
476 3449 574 3492 vot.
598 3450 633 3497 1.
665 3449 779 3496 Sect.
802 3452 861 3498 11.
1166 3444 1204 3498 2
