2040 3646
281 156 350 216 12
924 145 1330 205 PRAEFATIO

450 288 578 333 Haec
591 289 750 332 autem
765 284 921 346 imago
939 286 1137 332 Socratis
1154 287 1302 345 magis
1319 286 1546 344 perficitur
1564 286 1691 344 quasi
1709 288 1829 334 etad
1846 301 1967 333 sum-

284 372 405 405 mam
426 359 739 417 pulcritudinis
763 359 956 416 speciem
980 358 1232 416 perducitur
1255 358 1407 402 divina
1424 360 1507 403 illa
1531 360 1729 403 oratione
1747 360 1969 403 de'amore

273 431 470 486 eiusque
505 431 551 474 vi
582 435 627 473 et
655 433 837 483 natura,
888 444 1021 485 quam
1051 429 1253 472 Socrates
1287 429 1468 473 simulat
1502 444 1653 473 secum
1683 445 1722 486 ‚a
1757 429 1970 483 Diutima,

283 501 473 554 muliere
499 501 761 558 peregrina,
789 500 1156 544 communicatam
1183 514 1292 544 esse.
1350 501 1403 544 In
1425 516 1478 544 ea
1497 501 1614 544 enim
1635 500 1821 555 amoris,
1861 513 1970 555 qua-

280 572 341 616 lis
375 572 692 627 philosophum
720 573 898 625 deceat,
947 571 1074 627 quasi
1098 571 1314 626 quaedam
1339 572 1506 628 species
1538 577 1582 615 et
1602 573 1746 616 formu
1764 570 1973 628 proponi-

280 647 379 688 tur‘z
432 649 482 686 ut
513 645 752 686 obscurum
786 657 880 685 esse
907 630 1045 699 possit
1073 642 1241 685 nemini
1273 643 1507 686 Platonem
1544 647 1717 699 praeter
1747 642 1971 698 exemplar

281 713 397 757 illud
418 712 719 774 σωφροσύνης
739 728 766 757 a
786 714 967 756 Socrate
993 714 1171 756 ductum
1204 712 1339 756 etiam
1370 714 1533 756 amoris
1565 714 1657 756 vim
1683 718 1728 758 et
1764 717 1970 762 naturam

280 786 512 830 ostendere
532 785 749 838 voluisse,
779 785 974 841 adeoque
998 785 1134 828 liceat
1164 784 1392 836 dubitare,
1430 784 1535 840 quid
1559 785 1837 841 potissimum
1869 783 1972 839 phi-

276 855 493 912 losophus
514 856 672 898 docere
699 870 751 899 ac
771 857 1071 899 demonstrare
1089 856 1292 899 voluerit.
1350 856 1437 899 Sed
1458 857 1511 897 de
1529 856 1615 899 hac
1641 871 1692 898 rc
1721 854 1971 898 videbimus

278 930 456 984 postea:
493 941 610 969 nunc
644 927 902 985 audiamus,
931 927 1038 984 quid
1059 927 1173 970 illud
1205 927 1276 985 sit,
1311 928 1429 985 quod
1461 927 1507 971 in
1522 927 1747 971 Diotimae
1770 925 1969 971 oratione

281 997 541 1054 explicatur.

450 1070 593 1113 Docet
614 1068 755 1126 igitur
772 1069 1064 1127 philosophus
1084 1070 1131 1114 in
1152 1070 1235 1114 illa
1254 1068 1361 1113 libri
1381 1073 1506 1125 parte
1528 1083 1725 1113 amorem
1757 1083 1847 1112 non
1861 1081 1967 1111 con-
2032 1063 2036 1069 ’

279 1139 415 1200 tineri
445 1142 540 1185 solo
588 1143 846 1198 pulcrorum
876 1143 1260 1198 formosorumque
1291 1155 1526 1197 corporum
1555 1141 1698 1184 studio
1733 1144 1777 1183 61
1799 1138 1969 1195 cupidi-

277 1215 372 1256 tate
386 1244 399 1265 ‚
427 1213 505 1262 sed
524 1212 646 1255 cerni
668 1213 846 1256 omnino
866 1213 914 1256 in
939 1213 1067 1256 ideae
1085 1212 1395 1268 pulcritudinis
1409 1250 1419 1269 ‚
1450 1213 1537 1255 1106
1566 1216 1631 1254 est
1648 1211 1795 1267 pulcri
1811 1225 1887 1267 per
1918 1223 1966 1252 se

279 1284 482 1340 spectati,
511 1283 775 1334 inexstincto
813 1284 1030 1327 desiderio
1067 1283 1272 1327 omnibu·
1302 1283 1468 1327 innato.
1526 1284 1702 1338 Duplex
1724 1287 1874 1327 autem
1904 1281 1968 1325 ait

283 1368 382 1397 esse
405 1370 545 1412 genus
566 1354 754 1408 amoris,
783 1370 972 1416 quorum
991 1355 1186 1398 alterum
1211 1354 1267 1398 ad
1301 1369 1459 1410 corpus
1493 1353 1736 1410 pertineat,
1777 1354 1968 1397 alterum

280 1425 340 1468 ad
365 1426 564 1479 animum
589 1427 832 1468 referatur:
863 1426 1040 1482 utrique
1063 1439 1169 1468 vero
1191 1426 1278 1468 hoc
1294 1439 1527 1468 commune
1559 1440 1679 1478 esse,
1724 1425 1842 1480 quod
1869 1430 1966 1468 tum

278 1496 369 1539 1106
390 1502 485 1539 111111
504 1497 616 1539 illud
638 1497 692 1540 ad
708 1487 915 1552 pulcrum
943 1488 1091 1547 tendat
1112 1511 1165 1538 ex
1184 1511 1324 1552 eoque
1345 1510 1577 1553 procreare
1602 1496 1771 1552 aliquid
1790 1496 1968 1554 gestiat,

279 1568 401 1624 quod
427 1569 591 1612 habeat
618 1568 983 1624 perpetuitatem,
1025 1567 1340 1620 constantiam,
1383 1567 1777 1611 immortalitatem.
1844 1570 1970 1623 Quo·-

279 1638 401 1682 circa
417 1654 519 1692 eos,
549 1638 626 1694 qui
652 1653 835 1694 corpore
862 1638 948 1682 si‘nt
978 1640 1179 1691 fecundi,
1216 1638 1402 1681 feminas
1435 1638 1543 1680 dicit
1577 1638 1841 1691 consectari,
1879 1653 1966 1694 quo

277 1709 578 1766 adipiscantur
595 1710 783 1755 nominis
804 1709 871 1752 sui
896 1710 1296 1761 immortalitatem3
1327 1723 1403 1751 eos
1429 1713 1591 1766 autem,
1619 1710 1695 1768 qui
1716 1710 1968 1753 animorum

276 1795 429 1827 amore
456 1782 673 1838 flagrent,
719 1781 999 1836 prudentiam
1028 1786 1071 1825 61
1114 1781 1382 1837 optimarum
1411 1794 1560 1822 rerum
1605 1780 1835 1823 scientiam
1865 1794 1968 1823 cum

278 1852 404 1900 omni
425 1852 589 1896 virtute
610 1852 657 1894 in
682 1851 872 1895 aliorum
893 1852 1052 1905 animis
1080 1852 1266 1909 gignere
1289 1856 1332 1894 61
1363 1866 1597 1909 procreare
1628 1853 1817 1895 studere.
1877 1852 1966 1895 Sed

275 1920 414 1980 longe
434 1923 860 1980 praestantissimum
878 1939 1077 1967 amorem
1106 1938 1202 1966 esse
1227 1938 1353 1977 eum,
1393 1923 1470 1979 qui
1501 1924 1717 1966 referatur
1743 1924 1798 1966 ad
1820 1923 1965 1979 ipsum

277 1995 507 2052 pulcrum,
535 1996 622 2037 hoc
639 1999 705 2037 est
723 1995 777 2038 ad
804 1995 943 2049 illud,
978 1995 1105 2039 cuius
1125 1995 1175 2037 vi
1197 2000 1240 2037 61
1260 2000 1418 2037 natura
1441 2009 1494 2038 ea
1537 1996 1707 2048 omnia,
1735 2008 1852 2050 quae
1869 1995 1970 2051 pul-

278 2080 357 2120 cra
373 2066 541 2109 soleant
562 2066 726 2118 vocari,
756 2067 910 2122 pulcfa
932 2067 1186 2110 reddantur.
1236 2066 1302 2109 Ad
1323 2080 1454 2120 (1116111
1476 2066 1655 2122 quidem
1675 2080 1870 2109 amorem
1890 2066 1968 2121 qui

275 2138 554 2194 pervenerit,
585 2152 687 2179 eum
710 2137 887 2179 demum
907 2138 1015 2180 dicit
1041 2137 1247 2195 perfundi
1271 2152 1443 2179 summo
1465 2127 1703 2194 voluptatis
1722 2152 1852 2180 sensu
1870 2142 1968 2180 tan-

273 2213 409 2265 taque
432 2209 520 2251 frui
549 2207 822 2251 beatitudine
836 2240 848 2260 ,
876 2213 926 2251 ut
944 2210 1139 2252 humana
1159 2208 1309 2251 omnia
1330 2213 1605 2262 contemnat,
1634 2208 1833 2252 animum
1854 2223 1967 2251 nun-

275 2271 411 2337 quam
433 2295 461 2323 a
475 2281 649 2323 divinae
669 2279 975 2335 pulcritudinis
1003 2279 1147 2335 specie
1163 2279 1303 2322 averti
1322 2280 1528 2335 patiatur.
1571 2280 1799 2323 Pei-veniri
1819 2286 1969 2329 autem

275 2353 333 2396 ad
351 2351 482 2394 illum
503 2365 702 2394 amorem
719 2351 855 2406 longe
879 2351 1303 2406 praestantissimum
1323 2355 1454 2406 atque
1478 2351 1783 2394 beatissimum
1814 2350 1891 2403 ita,
1918 2355 1968 2394 ut

275 2421 511 2478 paullatim
529 2423 654 2477 quasi
671 2422 885 2479 gradibus
908 2422 1173 2477 quibusdam
1199 2422 1518 2463 effendendum
1541 2422 1610 2464 sit.
1640 2421 1823 2464 Initium
1847 2422 1966 2464 enim

274 2493 375 2536 fieri
396 2507 423 2536 a
447 2495 581 2535 rebus
605 2495 685 2535 sub
712 2508 862 2535 sensus
884 2493 1140 2536 cadentibus
1159 2530 1168 2548 ,
1199 2494 1361 2549 quibus
1385 2493 1489 2535 insit
1520 2492 1688 2547 aliquid
1707 2491 1969 2547 pulcritudi-

275 2565 369 2621 nis3
399 2565 555 2606 deinde
571 2564 942 2621 progrediendum
968 2579 1062 2607 csse
1080 2564 1135 2607 ad
1159 2579 1355 2607 amorem
1383 2563 1633 2606 animorum
1665 2568 1797 2618 atque
1827 2563 1872 2606 in
1895 2578 1967 2607 ar-

276 2635 391 2678 tium
411 2650 462 2678 ac
498 2636 837 2691 disciplinarum
871 2635 1015 2677 studio
1051 2641 1095 2678 61
1123 2636 1385 2679 tractatione
1416 2635 1694 2678 versandum.
1767 2634 1969 2691 Denique

274 2707 424 2751 animo
449 2706 616 2749 evoluti
637 2712 838 2762 oportere
861 2706 924 2748 ait
951 2707 1007 2749 ad
1030 2706 1167 2762 illud,
1207 2707 1326 2761 quod
1357 2721 1434 2761 per
1474 2720 1521 2748 se
1550 2711 1594 2748 et
1619 2709 1774 2761 suapte
1809 2709 1966 2750 natura

275 2778 482 2834 pulcrum
512 2776 588 2829 sit,
617 2777 704 2818 hoc
729 2782 795 2819 est
818 2777 938 2819 omui
967 2783 1142 2821 terrena
1168 2779 1290 2820 succe
1325 2778 1541 2830 liberum,
1583 2776 1653 2820 sui
1691 2791 1862 2833 semper
1906 2776 1967 2821 si-

275 2848 406 2901 mile,
436 2849 571 2904 longe
589 2848 982 2903 perfectissimum,
1013 2848 1201 2902 denique
1225 2848 1436 2892 divinum.

446 2921 515 2961 En
556 2919 696 2961 habes
724 2920 986 2962 sententiam
1013 2919 1268 2978 philosophi
1308 2920 1362 2961 dc
1401 2918 1564 2961 amoris
1604 2918 1970 2975 praestantissimi

274 2994 436 3035 natura
454 2989 650 3034 breviter-
675 2990 995 3034 adumbratam.
1054 2991 1203 3045 Quam
1232 2990 1311 3033 ubi
1340 2990 1578 3046 diligenter
1609 2990 1968 3044 consideraveris,

272 3062 399 3105 haud
422 3061 512 3103 scio
530 3075 584 3103 an
607 3075 682 3103 eos
703 3061 900 3103 dicturus
924 3061 983 3104 sis
1002 3061 1099 3103 veri
1117 3062 1287 3117 aliquid
1316 3061 1504 3114 vidisse,
1545 3060 1622 3116 qui
1648 3061 1967 3117 philosophum

276 3138 488 3192 putarunt
507 3132 553 3180 in
578 3131 665 3173 hoc
692 3131 810 3182 libro
827 3133 1019 3183 voluisse
1042 3133 1271 3176 ostendere
1296 3132 1484 3185 amoris,
1509 3131 1652 3188 qualis
1674 3146 1768 3174 esse
1792 3132 1966 3188 debeat,

276 3203 371 3246 vim
391 3207 435 3246 61
466 3194 791 3258 1116651611ῐίᾱῆῐῖ
859 3203 917 3245 Α1
943 3203 1062 3251 6ηἰ111
1099 3218 1205 3246 vero
1234 3204 1435 3259 quamvis
1469 3204 1557 3245 hoc
1590 3202 1805 3245 iudicium
1825 3203 1964 3259 pluri-

278 3287 405 3317 mum
422 3274 586 3316 habeat
603 3272 932 3327 probabilitatis
959 3289 1106 3330 neque
1129 3289 1309 3331 prorsus
1328 3275 1621 3331 spernendum
1643 3274 1870 3325 videatur-3
1898 3277 1967 3316 ta·

280 3358 383 3389 men
403 3358 490 3399 non
509 3344 572 3388 ita
593 3348 899 3400 comparatum
923 3350 1004 3399 est,
1033 3350 1083 3399 ut
1103 3344 1358 3390 universum
1383 3345 1491 3390 libri
1510 3351 1822 3402 argumentum
1845 3358 1966 3388 com·
