2040 3646
1631 142 1782 195 XXXI

272 297 442 355 Quodsi
461 298 609 341 autem
626 292 913 352 reputaveris
931 291 1105 348 animo,
1132 292 1279 350 qualis
1299 291 1435 339 fuerit
1462 291 1582 340 vitae
1607 280 1778 361 cursus,

101 371 236 442 quem
254 383 544 440 philosophus
561 380 686 437 quasi
707 393 910 423 emensus
942 383 1032 431 θείς
1075 392 1207 434 porro
1233 378 1392 434 quibus
1419 361 1632 436 gradibus
1648 384 1778 438 paula

102 469 229 512 latim
242 469 298 512 ad
321 482 418 511 eam
441 466 687 523 pervenerit
709 464 927 522 sentiendi¹
951 462 1259 520 cogitandique
1281 465 1614 521 sublimitatem,
1642 482 1777 523 quam

102 553 145 596 ei
160 542 381 610 propriam
403 566 498 594 esse
521 565 671 594 omnes
694 548 992 600 consentiunt3
1022 547 1208 602 denique
1222 548 1380 602 quibus
1397 550 1683 595 scribendine
1698 553 1779 596 do-

104 639 232 681 cendi
249 635 646 693 opportunitatibus
665 645 770 678 usus
784 633 1043 676 iibrosssuos
1057 632 1103 674 in
1125 632 1353 687 publicum
1375 634 1550 689 prodire
1573 633 1775 681 iusserit:

102 722 224 765 haud
243 722 334 765 scio
355 735 412 765 an
440 705 559 763 recte
587 718 815 761 videamur
841 717 928 778 tria
957 716 1235 774 potissimum
1260 707 1508 761 discernere
1540 719 1706 776 genera
1733 726 1779 766 et

103 808 266 850 classes
282 803 546 861 scriptorum
565 802 898 848 Platonicorum
918 802 957 856 *)
987 805 1083 846 tum
1102 815 1184 858 pro
1202 805 1463 859 temporum,
1491 804 1652 860 quibus
1673 820 1779 852 con-

160 1094 200 1149 ’)
228 1091 460 1135 Diversam
478 1089 671 1133 inierunt
696 1087 884 1134 editores
905 1094 948 1134 et
964 1089 1223 1147 interpretes
1241 1089 1504 1147 scriptorum
1524 1092 1780 1146 Platonico-

272 1161 372 1191 rum
393 1149 438 1190 in
457 1149 512 1190 iis
533 1148 785 1191 ordinandis
812 1138 1040 1193 rationem.
1108 1148 1248 1191 Primi
1278 1148 1490 1198 editores,
1531 1150 1704 1192 Aldus
1733 1155 1780 1194 et.

272 1207 314 1249 Β
329 1220 355 1248 a
370 1221 390 1247 s
405 1206 517 1248 ilee
530 1219 556 1246 n
574 1220 629 1248 se
642 1220 677 1257 S,
707 1206 844 1247 secuti
864 1212 964 1246 sunt
998 1205 1221 1262 Thrasy
1234 1205 1315 1247 llu
1328 1220 1393 1258 m,
1423 1206 1499 1260 qui
1523 1212 1632 1249 teste
1649 1209 1687 1249 D
1701 1208 1716 1250 i
1729 1223 1779 1250 o·-

272 1277 339 1318 ge
355 1277 396 1304 n.
434 1263 542 1305 Lae
556 1268 617 1305 rt.
659 1262 745 1305 Vit.
779 1263 892 1304 Plat.
921 1261 991 1305 56.
1036 1276 1186 1304 omnes
1224 1262 1362 1304 libros
1391 1264 1588 1305 Platonis
1623 1279 1778 1306 secun-

264 1323 371 1361 «lum
391 1319 646 1375 tetralogias
673 1319 898 1361 distribuit
914 1319 969 1361 ad
992 1320 1238 1374 exemplum
1258 1319 1530 1362 scenicorum
1550 1328 1780 1376 poetarum

270 1378 525 1420 fabularum
550 1376 806 1432 tetralogias
828 1376 874 1417 in
907 1376 1083 1418 scenam
1113 1376 1427 1419 inducentium.
1485 1378 1612 1431 Quae
1633 1378 1782 1420 distri-

272 1434 399 1477 butio
423 1447 556 1488 quum
582 1434 676 1474 solo
696 1433 882 1476 arbitrio
918 1432 1157 1487 niteretur,
1197 1440 1347 1487 postea
1375 1435 1445 1475 Io.
1482 1434 1779 1487 Serranus,

271 1490 485 1546 interpres
507 1490 705 1532 Platonis
734 1490 940 1541 Latium,
969 1505 1049 1544 pro
1078 1490 1329 1545 argumenti
1355 1490 1591 1543 varietate,
1619 1492 1664 1533 in
1690 1492 1781 1534 sin-

273 1547 394 1604 gulis
416 1547 543 1589 libris
563 1547 820 1602 conspicua,
850 1546 959 1589 alias
981 1547 1083 1588 fecit
1112 1561 1265 1588 eorum
1299 1549 1474 1589 classes.
1542 1549 1782 1591 Distribuit

269 1605 388 1647 enim
406 1604 508 1646 illos
527 1604 572 1645 in
590 1603 810 1659 syzygia&
838 1617 1024 1658 quarum
1042 1603 1184 1658 prima
1207 1604 1514 1658 complectitur
1533 1619 1606 1647 eos
1626 1605 1782 1658 libros,

268 1662 345 1717 qui
367 1667 564 1716 spectant
588 1662 642 1702 ad
662 1661 915 1703 Socraticae
939 1660 1163 1702 doctrinae
1193 1661 1515 1713 del'ensione1n3
1544 1663 1682 1705 altera
1700 1663 1783 1705 ha-

270 1718 347 1762 bet
367 1717 634 1774 isagogicas,
662 1725 710 1759 ut
732 1717 942 1772 loquitur,
962 1731 1196 1773 sermones,
1216 1719 1283 1758 vel
1306 1719 1358 1759 de
1379 1732 1483 1760 vera
1501 1719 1783 1774 philosophia

271 1782 455 1832 agentes
476 1775 543 1816 vel
560 1783 861 1830 oppugnantes
875 1774 1181 1829 sophistican13
1207 1774 1336 1817 tertia
1346 1776 1650 1830 connpleetitur
1667 1776 1785 1832 logi-

272 1838 543 1887 cos;·quarta
561 1832 730 1873 ethicos
746 1832 976 1887 generales
999 1846 1050 1874 ac
1072 1831 1307 1886 speciales3
1336 1832 1488 1886 quinta
1511 1833 1715 1889 physicos
1730 1847 1784 1875 ac

270 1889 624 1945 metaphysicos3
646 1895 766 1930 sexta
777 1889 983 1943 epistolas
994 1896 1036 1930 et
1048 1889 1247 1944 dialogos
1260 1889 1700 1945 Platonisuppositos.
1726 1892 1783 1934 Et

270 1947 388 1989 hanc
413 1946 589 2000 quidem
614 1946 853 1997 rationem,
882 1960 995 2000 quae
1027 1960 1114 1987 non
1145 1947 1335 1987 multum
1371 1945 1586 2000 discrepat
1608 1949 1663 1989 ab
1685 1947 1782 1999 illa,

274 2017 407 2057 quam
434 2009 652 2044 memorat
686 2003 846 2058 Diog.
885 2003 1168 2045 Laert.1.‹:.
1209 2001 1278 2045 49.
1304 2002 1400 2054 50.‚
1431 2011 1606 2045 secutus
1635 2010 1704 2047 est
1721 2005 1780 2047 11.

272 2060 612 2113 Stephanus,
644 2065 687 2100 et
712 2059 787 2112 qui
819 2066 915 2114 post
940 2073 1042 2101 eum
1080 2059 1285 2102 universa
1318 2059 1513 2102 Platonis
1539 2075 1669 2115 opera
1689 2061 1783 2102 edi-

274 2116 450 2167 derunt,
480 2116 694 2157 Franco
711 2117 765 2156 t'u
777 2121 827 2157 rt
842 2116 934 2157 ani
976 2123 1019 2157 et
1060 2117 1098 2157 B
1113 2116 1292 2170 iponti
1307 2130 1332 2156 n
1348 2117 1375 2157 i.
1442 2117 1783 2159 Recentioribus

272 2179 421 2238 autgm
444 2172 714 2226 temporibus
733 2186 867 2226 quum
888 2173 1163 2219 intellectum
1183 2179 1295 2213 essct
1315 2173 1559 2215 doctrinam
1583 2175 1783 2218 Platonis

271 2245 359 2272 non
380 2244 503 2284 posse
525 2230 753 2270 connnode
776 2228 967 2284 intelligi
990 2235 1032 2270 et
1051 2229 1275 2283 explicari,
1294 2230 1392 2280 nisi,
1418 2231 1590 2284 quando
1614 2231 1782 2287 singuli

269 2287 367 2329 eius
387 2286 491 2328 libri
515 2286 773 2341 prodissent,
800 2285 1050 2327 accuratius
1071 2293 1183 2327 esset
1205 2286 1446 2338 delinitum,
1475 2288 1626 2342 quaeri
1647 2288 1783 2332 etiam

272 2350 478 2398 coeptum
508 2349 595 2394 est,
619 2357 704 2397 qno
729 2342 881 2384 ordine
908 2342 976 2384 illi
999 2342 1150 2395 scripti
1180 2349 1223 2384 et
1254 2343 1297 2384 in
1326 2344 1472 2385 lucem
1501 2345 1651 2387 emissi
1679 2346 1781 2388 sint.

271 2401 340 2443 De
356 2414 442 2455 qua
463 2414 511 2441 re
533 2400 810 2455 disputarunt
833 2399 1051 2454 imprimis
1069 2400 1110 2441 T
1124 2415 1148 2440 e
1161 2414 1223 2441 nn
1239 2409 1318 2441 em
1331 2414 1447 2443 ann.
1465 2401 1655 2458 System.
1673 2402 1782 2444 Phi-

269 2457 352 2499 los.
389 2457 502 2499 Plat.
540 2458 595 2499 T.
632 2458 666 2500 I.
706 2471 748 2512 p.
787 2455 885 2500 115.
961 2456 991 2498 S
1006 2456 1274 2498 chleierm
1290 2458 1388 2499 ach
1403 2472 1473 2501 er.
1507 2460 1694 2502 Praesat.
1725 2459 1781 2501 ad

266 2515 441 2557 Platon.
466 2514 578 2568 Opp.
604 2514 649 2555 in
674 2515 881 2556 German.
897 2527 1091 2557 convers.
1115 2529 1154 2568 p.
1181 2513 1224 2558 1.
1245 2528 1336 2568 sqq.
1360 2520 1403 2556 et
1426 2516 1480 2556 ad
1510 2517 1780 2559 Phaedrum.

271 2571 347 2613 Fr.
373 2572 408 2613 A
426 2571 572 2612 stius
604 2571 658 2612 de
680 2570 780 2612 Vita
800 2575 844 2612 et
871 2570 1056 2625 Scriptis
1078 2571 1247 2612 Platon.
1280 2572 1398 2626 Lips.
1424 2572 1548 2614 1816.
1578 2573 1619 2616 8.
1680 2574 1782 2615 So-

272 2628 375 2669 che
390 2641 450 2669 ru
464 2642 483 2669 s
509 2627 563 2669 de
590 2627 774 2682 Scriptis
791 2627 1002 2669 Platonis.
1027 2628 1202 2670 Monac.
1222 2627 1345 2669 1820.
1369 2629 1409 2670 8.
1467 2629 1553 2671 Sed
1581 2635 1700 2672 tanta
1717 2634 1782 2671 est

270 2684 386 2727 inter
409 2685 490 2725 hos
512 2683 628 2726 viros
651 2684 889 2736 dissensio,
919 2691 967 2725 ut
991 2684 1044 2725 de
1065 2686 1196 2726 rebus
1226 2684 1428 2739 plurimis
1447 2693 1490 2728 et
1505 2686 1782 2742 gravissimis

272 2741 520 2796 discrepent
537 2755 691 2783 eornm
711 2740 888 2783 iudicia.
948 2742 1084 2782 Cuius
1106 2741 1171 2783 rei
1200 2756 1358 2783 causae
1395 2742 1496 2784 inde
1518 2745 1782 2798 repetendae

269 2798 494 2850 videntur,
525 2799 657 2852 qnod,
688 2798 771 2839 etsi
809 2798 1107 2853 unusquisqne
1144 2804 1313 2840 tantum
1343 2813 1428 2840 non
1458 2800 1606 2842 omnia
1634 2800 1784 2856 att-igit

272 2854 407 2896 huius
429 2854 694 2908 quaestionis
718 2855 887 2910 capita,
923 2863 1069 2896 tamen
1092 2869 1245 2896 eorum
1275 2855 1513 2910 disputatio
1542 2871 1569 2899 a
1596 2857 1782 2899 diversis

276 2911 405 2966 plane
429 2910 566 2952 initiis
581 2914 774 2966 profecta
793 2918 870 2954 est.
913 2912 1024 2954 Nam
1050 2913 1091 2953 T
1107 2927 1130 2952 e
1143 2926 1168 2952 n
1182 2927 1207 2952 n
1223 2926 1246 2952 c
1260 2926 1303 2953 m
1317 2926 1378 2954 an
1392 2927 1418 2954 n
1435 2928 1461 2954 u
1475 2929 1495 2955 s
1521 2920 1562 2956 et
1583 2913 1647 2956 So
1659 2915 1724 2955 ch
1737 2928 1784 2955 e·-

271 2981 365 3008 rus
389 2982 439 3009 ex
462 2967 579 3009 vitae
603 2972 652 3010 et'
669 2969 868 3010 fortunae
901 2968 1300 3020 vicissitudinilms,
1342 2983 1451 3023 quas
1487 2975 1688 3026 expertus
1716 2975 1784 3013 est

276 3024 588 3079 philosophus,
618 3031 731 3067 etex
754 3032 1000 3079 temporum
1020 3024 1195 3068 indiciis
1225 3026 1411 3081 singulis
1434 3027 1697 3081 quibusdam
1729 3027 1785 3068 li-

273 3081 367 3122 bris
384 3081 622 3136 impressis,
649 3096 735 3136 quo
756 3082 908 3123 ordine
926 3082 1087 3137 scripta
1107 3082 1306 3123 Platonis
1332 3097 1379 3124 se
1404 3084 1665 3138 exceperint,
1690 3084 1784 3125 col-

271 3137 415 3192 ligere
440 3139 711 3183 studuerunt.
777 3139 876 3191 Qua
896 3138 941 3180 in
968 3153 1017 3180 re
1050 3137 1132 3179 etsi
1155 3139 1296 3181 multa
1317 3146 1443 3181 acute
1472 3141 1689 3192 viderunt,
1717 3147 1783 3183 ta·-

270 3207 387 3245 men,
416 3209 552 3248 quum
577 3196 618 3237 Τ
631 3210 692 3237 en
705 3209 731 3236 n
746 3209 825 3236 em
838 3208 942 3236 ann
961 3209 1027 3244 us,
1047 3194 1266 3236 librorum
1301 3203 1611 3252 argumentum
1633 3205 1675 3239 et
1695 3198 1786 3238 for-

270 3263 388 3292 mam
413 3251 558 3293 minus
589 3251 826 3307 diligenter
856 3251 1130 3306 respexisset,
1158 3264 1261 3293 mox
1293 3253 1458 3295 exstitit
1487 3253 1785 3297 Schleier-

266 3318 312 3348 m
326 3321 384 3348 ac
397 3308 427 3349 h
440 3322 534 3349 eru
546 3323 580 3358 s,
609 3309 686 3362 qui
709 3323 761 3350 ex
784 3308 879 3362 ipso
901 3322 1056 3349 eornm
1076 3315 1340 3363 argumento
1355 3309 1568 3360 ordinem,
1585 3324 1672 3365 quo
1684 3324 1786 3365 pro-

266 3362 470 3417 diissent,
497 3365 745 3408 accuratius
765 3364 931 3407 studuit
949 3364 1146 3407 definire.
1218 3365 1349 3420 Quod
1385 3379 1472 3421 quo
1499 3372 1644 3422 posset
1676 3365 1784 3409 faci·
