2040 3646
865 141 1105 215 CRITO.
1724 166 1825 222 135

141 299 396 381 φήσομεν
430 296 572 405 πρὸς
610 301 811 370 ταῦτα,
867 321 912 356 ω
950 296 1206 374 Κρίτων,·
1260 294 1452 378 αληθῆ
1475 295 1657 375 λέγειν
1688 294 1824 370 τοὺς

137 385 382 463 νόμους,
424 408 461 463 η
486 381 590 449 οὓς
674 387 794 441 ΚΡ.
825 377 1050 460 Ἔμοιγε
1073 384 1238 440 δοκεῖ.

311 470 471 548 Cap.
499 468 673 527 XIII.
763 470 895 525 ΣΩ.
940 464 1152 524 Σκόπει
1184 464 1399 536 τοίνυν,
1442 489 1487 523 ω
1511 462 1819 542 Σώκρατες,

139 559 302 632 φαῖεν
319 549 386 612 α“ν
413 554 544 624 ἴσως
567 552 620 608 οι
631 573 806 626 νοιιοι,
849 548 940 610 εἰ
907 557 1060 631 ημεῖς
1082 554 1255 608 ταῦτα
1267 547 1457 629 ἄληθῆ
1465 547 1769 627 λέγοιιεν,
1735 572 1820 608 οτι

136 636 215 697 οὔ
250 639 434 697 δίκαια
465 634 610 716 ἡιιᾶς
639 635 916 712 ἐπιχειρεῖς
952 630 1152 712 δρᾶν
1130 633 1165 692 α’
1187 638 1294 694 νῦν
1318 634 1609 710 ἐπιχειρεῖς.
1663 632 1821 714 ἡμεῖς

134 722 240 801 γάρ
266 736 327 781 σε
363 720 756 804 γεννησαντες,
802 720 1194 804 ἐκθρέψαντες,
1248 715 1672 791 παιδεύσαντες,
1723 742 1820 795 με-

133 805 387 878 ταδόντες
421 803 674 866 απαντων
709 805 786 862 ὠν
827 799 941 862 οἶοί
983 802 1030 861 τ’
1067 804 1203 884 ἠμεν
1235 805 1419 861 καλῶν
1453 805 1544 861 σοὶ
1577 804 1669 861 καὶ
1706 810 1820 876 τοῖς
1858 816 1974 870 D

133 888 321 963 αλλοις
343 892 481 948 πᾶσι
501 889 780 959 πολίταις,
824 884 972 963 ὅμως
996 887 1444 965 προαγορεύομεν
1464 892 1543 969 τῶ
1564 885 1819 957 ἐξουσίαν

128 974 483 1054 πεποιηκέναι
503 970 807 1051 Ἀθηναίων
839 978 918 1054 τῷ
936 972 1285 1053 βουλομένῳ,
1334 945 1550 1031 ἐπειδᾶν
1587 976 1816 1048 δοκιμαὲ

128 1064 248 1135 σθῆ
268 1060 361 1117 καὶ
384 1061 481 1162 ι’δη
501 1079 568 1115 τα
596 1058 653 1115 ἐν
675 1061 744 1133 τῇ
765 1055 922 1116 πόλει
950 1056 1236 1134 πράγματα
1260 1057 1353 1114 καὶ
1387 1053 1533 1136 ἡμᾶς
1557 1053 1691 1128 τούς
1716 1056 1812 1116 νό-

125 1166 295 1219 μους,
365 1144 410 1225 ᾠ
444 1138 515 1199 αν
548 1138 625 1220 μὴ
662 1139 975 1219 αρέσκωμεν
1007 1139 1194 1221 ἡμεῖς,
1249 1138 1441 1212 ἐξεῖναι
1474 1140 1712 1216 λαβόντα
1742 1139 1811 1200 τὰ

126 1225 311 1288 αὑτοῦ
331 1227 548 1287 απιέναι
572 1223 703 1286 ὅποι
730 1222 799 1286 ἂν
821 1225 1106 1314 βούληται.
1160 1225 1255 1285 καὶ
1291 1223 1478 1300 ουδεὶς
1510 1224 1670 1309 ἡμων
1701 1231 1810 1286 τῶν

175 1444 280 1499 Cup.
303 1443 426 1487 XIII.
492 1437 526 1489 ἃ
556 1444 643 1489 νῦν
674 1441 948 1504 ἐπιχειρεῖς]
996 1445 1134 1489 Deest
1165 1442 1254 1490 νῦν
1283 1443 1330 1487 ἰιι
1352 1446 1455 1488 vett.
1486 1441 1608 1488 editt.
1631 1446 1806 1499 praeter

114 1501 364 1602 Βὶιἑῑῖπεξδόιν
387 1558 681 1619 δοκιμασθῇ]
714 1561 764 1605 V.
785 1548 1039 1619 δοκιμάσῃ,
1069 1558 1223 1617 quod·
1207 1574 1254 1602 ιιι
1275 1558 1399 1601 nullo
1424 1557 1519 1600 cod.
1543 1571 1625 1600 ms.
1656 1571 1806 1614 reper—

116 1619 212 1659 tum
237 1619 314 1658 est.
343 1630 390 1658 v.
410 1622 556 1659 annot.

171 1666 284 1718 ὅποι
316 1668 375 1716 ἂν
403 1671 660 1731 βούληται]
702 1673 815 1717 vett.
849 1674 971 1719 editt.
1002 1669 1095 1733 ὅπῃ
1118 1669 1177 1719 ἂν
1199 1669 1328 1732 βούλ.
1361 1675 1405 1716 et
1425 1685 1530 1715 mox
1554 1665 1714 1715 ἄλλοσέ
1736 1686 1804 1730 πῃ.

172 1813 414 1869 Cap.xn1.
443 1815 499 1856 Ι).
528 1814 595 1873 τῷ
621 1810 833 1866 ἐξουσίαν
845 1829 924 1859 πε-

120 1869 387 1938 ποιηκένοιι]
441 1859 763 1927 Stephanus
808 1872 921 1915 coni.

115 1924 184 1970 τό.
216 1927 350 1969 Male.
399 1927 537 1980 Nam,
568 1929 684 1982 quod
705 1933 825 1970 recte
843 1931 924 1972 ob-

115 1984 307 2027 servaxit
338 1983 680 2036 Fischerus‚
736 1988 924 2028 verbum

115 2038 491 2098 προαγοοεὺομεν
508 2042 715 2083 cohaeret
734 2055 836 2083 cum
856 2043 926 2084 in-

115 2098 285 2140 finitivo
335 2095 524 2150 ἐξεῖναι,
580 2102 624 2140 et
672 2099 820 2140 verbis
858 2100 923 2157 τῷ

114 2153 332 2207 ἐξουσίαν
375 2152 679 2209 πεποιηκέναι
728 2143 927 2198 declara-

113 2215 202 2264 tur,
232 2225 319 2266 quo
338 2212 468 2253 modo
491 2212 614 2267 leges
632 2211 759 2265 quasi
778 2212 823 2254 in
846 2226 925 2254 an·-

114 2272 253 2311 tecess
248 2282 332 2309 um
358 2269 587 2310 ostendant
612 2268 748 2310 licere
781 2269 922 2312 (nivis

114 2325 202 2378 eivi
241 2325 287 2367 in
327 2325 464 2368 aliam
499 2330 664 2368 terram
699 2325 921 2382 migrme.

115 2373 324 2424 'videlicet
350 2396 425 2434 eo,
465 2382 581 2436 quod
607 2381 765 2436 cuique
787 2383 922 2425 huius

115 2438 184 2481 rei
207 2443 398 2494 potestas
420 2453 626 2481 concessa
661 2443 738 2480 est.
796 2440 923 2482 Patet

98 2510 218 2548 ,vero
242 2510 295 2537 ex
315 2496 403 2538 hac
427 2496 812 2563 interpretatione,
843 2511 922 2538 cur

113 2553 356 2608 perfectum
388 2552 593 2619 positum
619 2552 697 2605 sit,
756 2558 800 2595 et
842 2568 922 2595 cur

112 2609 285 2652 dicatur
334 2606 708 2676 προαγορεύομεν
726 2641 739 2662 ,
805 2610 923 2665 quod

112 2667 292 2708 fuerunt
313 2662 390 2720 qui
418 2666 729 2719 edicimus,
757 2666 922 2708 iube-

113 2736 259 2773 mus,
286 2722 696 2789 interpretarentur,
729 2722 775 2765 vi
797 2738 924 2779 prae-

111 2779 342 2845 positionis
362 2794 542 2835 prorsus
567 2780 784 2835 neglecta.

173 2830 362 2879 ἐπειδὰν
398 2837 661 2894 δοκιμασθῇ
702 2836 780 2879 καὶ
813 2836 923 2904 ἴδῃ]

113 2892 191 2936 Sic
242 2892 351 2934 libri
391 2893 588 2936 Platonis
636 2894 926 2949 manuscripti

113 2953 286 3005 praeter
308 2963 445 2990 unum
465 2963 630 2991 omnes.
671 2951 762 2994 Nec
779 2950 922 3002 video,

114 3020 196 3048 cur
228 3006 341 3048 haee
369 3006 503 3047 lectio
547 3008 758 3049 mutanda
787 3007 844 3050 sit
875 3007 923 3048 in

115 3060 366 3118 δοκιμάσῃ,
403 3063 516 3117 quod
548 3064 714 3118 placuit
738 3063 920 3105 editori-

112 3120 199 3163 bus
231 3119 446 3161 omnibus.
503 3119 666 3161 Sensus
697 3120 815 3161 enim
840 3120 918 3161 hie

115 3182 203 3219 est:
233 3181 530 3231 postquam
558 3176 645 3219 sui
672 3177 815 3218 iuris
843 3177 922 3218 fa-

115 3238 243 3275 otus
286 3239 371 3276 est
420 3238 476 3275 et
519 3248 610 3276 res
651 3234 923 3288 publicas

117 3291 416 3345 cognovit,
442 3291 491 3332 h.
514 3305 553 3333 e.
577 3304 630 3331 ea
652 3305 704 3331 u
706 3294 808 3341 t¹1te
838 3304 926 3344 qua

116 3346 174 3387 (le
197 3347 328 3389 rebus
358 3347 415 3388 ad
442 3347 764 3402 rempublicam
794 3347 930 3402 perti—-

121 3403 328 3449 uentibus
350 3403 549 3450 iudicare
577 3404 769 3447 maxime
789 3403 928 3448 valet:

988 1816 1105 1872 quod
1127 1829 1255 1858 nemo
1267 1829 1355 1857 non
1377 1811 1511 1858 sentit
1528 1826 1693 1869 magna
1712 1811 1800 1854 dici

988 1875 1076 1916 hoc
1111 1874 1210 1914 loco
1236 1887 1358 1914 cum-
1371 1871 1608 1927 gravitate.
1665 1870 1800 1911 Pror-

990 1944 1063 1972 sus
1088 1930 1179 1971 huc
1203 1930 1392 1985 pertinet
1416 1927 1674 1969 Aeschin.
1697 1927 1794 1968 adv.

989 1987 1217 2029 OEilnarch.
1241 2001 1283 2041 p.
1298 1986 1369 2028 26.
1390 1986 1457 2027 ed.
1478 1984 1646 2026 Bremi.
1678 1979 1795 2026 ἐπει

988 2039 1075 2087 δάν
1098 2041 1146 2087 δε
1165 2041 1370 2100 ἐγγραφῇ
1383 2058 1453 2092 τις
1473 2041 1537 2090 εἰς
1549 2038 1601 2084 τὸ
1613 2039 1796 2111 ληξιαρ-

988 2097 1117 2156 χικὸν
1138 2101 1461 2169 γραμματεῖον,
1491 2096 1571 2141 καὶ
1594 2094 1703 2146 τοὺς
1717 2096 1793 2140 νό-

989 2173 1106 2226 μους
1127 2157 1225 2214 εἰδῇ
1243 2153 1354 2206 τοὺς
1376 2156 1460 2210 τῆς
1485 2151 1687 2207 πόλεως,
1715 2153 1797 2196 και
1847 2164 1852 2169 “

988 2209 1079 2270 ἤδη
1121 2174 1317 2283 δύνηται
1357 2213 1723 2282 διαλογίζεσθαι
1733 2209 1793 2254 τὰ

988 2269 1107 2315 καλὰ
1137 2270 1216 2315 καὶ
1244 2287 1301 2313 τα
1312 2286 1412 2338 μη,
1452 2284 1538 2312 ουκ
1555 2266 1620 2312 ἔτι
1651 2265 1794 2324 ἑτέρῳ

990 2326 1243 2382 διαλέγεται
1267 2321 1326 2382 (ό
1347 2324 1651 2381 νομοθέτης).
1706 2325 1792 2367 Co-

984 2386 1216 2454 gitandum
1244 2399 1289 2426 es
1294 2390 1310 2428 t
1337 2388 1486 2427 autem
1518 2383 1572 2424 de
1602 2383 1791 2437 δοκιμα-

987 2445 1064 2501 σίᾳ
1090 2443 1154 2492 εἰς
1167 2438 1352 2508 ἄνδρας.
1392 2440 1569 2482 Etenim
1591 2439 1668 2494 qui
1691 2439 1793 2481 iura

986 2487 1150 2542 civium
1187 2497 1521 2541 Atheniensium
1566 2498 1697 2552 plena
1746 2500 1793 2538 et

985 2557 1160 2612 integra
1201 2556 1369 2598 habere
1420 2558 1551 2608 atque
1589 2552 1797 2609 publicos*

985 2614 1175 2656 honores
1199 2611 1384 2668 adipisci
1404 2612 1593 2662 vellent,
1630 2610 1796 2651 horum

984 2668 1543 2712 n0m1mrererebantur1n
1563 2667 1793 2724 ληξιαρχι-

984 2727 1080 2770 κόν.
1131 2727 1262 2780 Quod
1276 2725 1530 2782 priusquam
1550 2724 1688 2778 fier,et
1719 2724 1794 2764 de-

985 2786 1152 2828 bebant
1168 2784 1463 2825 adolescentes
1476 2795 1657 2823 examen
1669 2780 1793 2822 subi-

987 2856 1061 2893 re,
1093 2854 1179 2895 quo
1203 2840 1534 2895 explorabatur,
1563 2853 1649 2892 quo
1672 2836 1790 2891 quis-

987 2913 1073 2953 que
1103 2911 1266 2952 genere
1302 2901 1429 2938 natus
1463 2901 1597 2949 esset
1641 2899 1792 2936 utrum

986 2954 1188 3010 legitime
1235 2954 1463 3007 adoptatus
1515 2965 1691 3003 necne,
1745 2954 1795 2991 et

987 3025 1102 3065 quae
1151 3010 1242 3052 alia
1280 3008 1536 3052 huiusmodi
1572 3011 1707 3051 fuere.
1748 3020 1793 3047 v,

987 3068 1345 3110 Demosthen.
1376 3066 1426 3108 in
1440 3065 1629 3108 Midiam
1660 3080 1696 3107 c.
1718 3062 1788 3104 43.

943 3155 951 3165 .
983 3124 1135 3178 ibique
1158 3123 1480 3178 Ulpianum.
1539 3124 1646 3164 Mox
1667 3124 1796 3162 nota—-

983 3181 1054 3224 bis
1093 3194 1222 3222 uct‘essl
1205 3179 1389 3222 ativum
1426 3178 1652 3249 λαβόντα,
1690 3191 1791 3219 (um

986 3238 1217 3293 praecedat
1256 3237 1321 3277 τιὸ
1357 3236 1632 3293 βουλομένῳ.
1693 3236 1792 3277 So

987 3295 1183 3350 pho‹.·..l
1221 3280 1400 3338 Electra
1434 3307 1475 3335 ν.
1494 3293 1589 3336 470.
1633 3287 1796 3335 υπεστί

991 3366 1073 3407 μοι
1106 3348 1306 3416 θράσος,
1353 3348 1604 3393 ἁδυπνόων
1634 3347 1796 3392 κλύου-

991 3420 1077 3453 σαν
1111 3402 1279 3465 ἀρτίως
1318 3403 1585 3466 ὄνειροιτων
1645 3406 1725 3450 ubi
1759 3420 1800 3448 v

1374 3625 1394 3646 0
