2040 3646
1634 160 1783 206 xxm

97 313 220 347 mam
245 311 341 345 esse
357 299 494 346 trium
514 300 695 345 illorum
716 302 938 345 librorum
964 280 1344 356 conianctionem,
1369 298 1530 357 quippe
1550 299 1597 342 in
1618 299 1779 355 quibus

100 386 310 432 doccatur
375 386 484 430 boni
531 385 680 430 ideam
722 400 818 428 esse
865 384 983 428 vitae
1021 385 1339 442 moralis'),
1395 384 1604 429 civilis
1645 388 1777 439 atque

14 490 17 493 ·
95 469 372 529 physicae
399 485 580 515 causam
608 475 738 526 atque
756 469 1040 514 effectricem.
1098 471 1247 525 Quum
1283 474 1430 513 autem
1460 472 1582 513 tanta
1604 469 1661 512 sit
1692 468 1775 511 ho·

92 569 195 598 rum
215 555 434 599 librorum
460 556 760 611 necessitudo,
788 554 938 610 ecquis
965 555 1068 596 illos
1092 555 1274 611 negabit
1297 554 1595 598 verisimiliter
1615 552 1776 597 coniici

92 652 122 684 a
144 641 272 684 nobis
295 646 492 697 tempore
507 655 594 683 non
619 642 810 683 multum
840 639 1014 683 diverso
1046 653 1141 682 esse
1172 635 1451 695 consignatos
1480 644 1525 683 et
1553 639 1599 681 in
1628 639 1774 681 lucem

91 723 313 768 emissos?
369 725 522 780 Neque
542 739 648 768 vero
673 725 786 767 haec
809 725 904 768 sola
923 726 1099 766 fuerunt
1123 722 1294 779 ingenii
1314 727 1623 777 monumenta,
1661 737 1775 779 quae

3 856 6 859 ,
90 821 231 865 usque
258 809 314 853 ad
338 809 574 852 secundam
603 809 650 851 in
676 808 877 851 Siciliam
900 808 1215 864 profectionem
1250 807 1514 860 elaboravit,
1550 807 1625 850 sed
1656 807 1773 852 intra

89 893 284 950 spatium
301 893 389 936 hoc
411 893 587 936 circiter
608 885 769 950 viginti
801 897 845 936 et
867 893 983 948 quod
1011 892 1202 935 excurrit
1233 906 1450 936 annorum
1483 891 1617 935 etiam
1642 891 1773 949 Sym-

88 978 283 1035 posium,
329 978 584 1022 Phaedrum
614 983 658 1021 et
676 979 859 1022 tortasse
882 978 1164 1021 Phaedonem
1197 976 1386 1033 scripsit.
1439 977 1508 1019 De
1537 976 1773 1033 Symposio

88 1062 137 1107 id
151 1063 255 1106 satis
275 1067 394 1106 certo
413 1067 583 1106 constat
605 1077 658 1105 ex
677 1062 774 1106 loco
796 1079 838 1119 p.
852 1062 948 1106 192.
971 1063 1022 1105 Ε.
1050 1077 1141 1117 sqq
1169 1062 1454 1106 Phaedonem
1475 1066 1623 1105 autem
1642 1066 1771 1118 puta-

34 1188 37 1192 .
86 1160 212 1201 mus,
255 1148 363 1191 licet
386 1162 474 1191 non
497 1148 690 1191 absurda
712 1147 770 1190 sit
793 1162 948 1196 eorum
967 1147 1206 1200 sententia,
1254 1146 1331 1202 qui
1358 1147 1487 1190 illum
1512 1161 1600 1190 non
1627 1147 1769 1190 multo

85 1235 185 1288 post
217 1222 409 1276 Socratis
445 1232 616 1276 obitum
646 1231 858 1288 scriptum
886 1232 1227 1288 iudicarunt”)‚
1266 1232 1354 1275 hoe
1387 1232 1599 1288 temporis
1627 1230 1768 1288 spatio

87 1316 395 1373 consignatum
431 1332 526 1360 esse
564 1318 734 1361 duabus
775 1332 827 1359 ex
863 1317 1020 1360 causis.
1095 1316 1211 1379 Nam
1247 1316 1391 1372 primo
1424 1317 1567 1360 multa
1599 1316 1647 1360 in
1680 1316 1770 1359 hoe

82 1400 204 1445 libro
225 1401 505 1457 reperiuntur
523 1402 850 1459 Pythagoricae
870 1402 1095 1445 doctrinae
1124 1395 1341 1458 vestigia,
1370 1378 1508 1444 ‚unde
1532 1401 1771 1458 suspiceris

82 1486 342 1540 Platonem,
398 1501 534 1542 quum
563 1501 667 1529 eum
694 1472 941 1531 sermonem
974 1487 1212 1541 scriberet,
1266 1486 1358 1531 iam
1390 1486 1499 1532 satis
1518 1489 1768 1530 accuratam

83 1570 297 1615 habuisse
328 1571 451 1614 illius
483 1571 792 1628 cognitionem.
851 1573 998 1628 Quam
1025 1572 1102 1628 qui
1121 1575 1330 1629 putarunt
1364 1572 1406 1615 ei
1441 1571 1532 1615 iam
1560 1575 1661 1614 ante
1685 1570 1768 1614 So·-

83 1656 217 1700 eratis
239 1656 411 1699 obitum
428 1656 698 1713 impertitam
720 1670 817 1700 esse
837 1658 895 1700 ab
921 1657 1108 1700 Simmia
1127 1661 1170 1700 et
1196 1658 1384 1714 Cebete,
1414 1655 1491 1712 qui
1509 1655 1768 1701 Philolaum

82 1740 257 1785 Thebis
287 1741 507 1787 audierint
536 1742 591 1784 de
614 1741 789 1798 placitis
807 1742 1120 1800 Pythagoricis
1143 1742 1441 1798 disputantem
1451 1741 1554 1798 ***),
1610 1744 1686 1784 aut
1706 1741 1767 1785 ab.

81 1826 328 1869 Echecrate
348 1826 576 1880 Phliazio,
618 1841 750 1882 quem
770 1827 817 1869 in
838 1827 1078 1871 Phaedone
1092 1819 1348 1882 loquentem
1373 1826 1568 1879 induxit,
1604 1825 1641 1868 ii
1661 1840 1766 1869 eom

80 1909 295 1957 iacturam
318 1912 514 1955 fecerunt
540 1925 593 1954 ex
626 1926 679 1955 ea
697 1926 768 1965 re,
821 1912 937 1954 unde
971 1911 1156 1955 minime
1182 1911 1424 1964 debebant,
1463 1911 1554 1953 hoc
1572 1915 1662 1963 est,
1709 1924 1764 1953 ex

81 2001 240 2039 ornatu
268 1995 378 2038 libri
411 1996 606 2049 scenico,
662 2010 795 2051 quem
826 2000 995 2041 constat
1024 2010 1053 2040 a
1082 1997 1270 2040 Platone
1302 1995 1556 2052 saepissime
1582 1995 1646 2039 ita
1667 2009 1767 2038 esso

79 2080 354 2133 adhibitum,
393 2085 443 2123 ut
471 2084 721 2135 temporum
740 2080 931 2124 rationes
962 2082 1261 2138 negligantur.
1317 2080 1409 2125 Nec
1439 2084 1610 2137 poterat
1634 2080 1765 2122 Plato

80 2165 129 2208 in
161 2165 397 2208 Phaedone
427 2164 717 2220 probabiliter
747 2165 979 2208 Socratem
1014 2166 1338 2221 colloquentem
1369 2165 1513 2208 facere
1540 2178 1643 2207 cum
1679 2164 1763 2207 Ar-

82 2250 217 2308 chyta
239 2249 388 2305 aliquo
409 2254 485 2292 aut
503 2249 694 2293 Timaeo
719 2253 797 2293 aut
816 2250 1010 2306 Euryto,
1039 2254 1089 2293 ut
1110 2250 1295 2292 minime
1315 2248 1372 2292 sit
1394 2250 1653 2303 obscurum,
1681 2263 1764 2293 cur

0 2377 2 2392 ι
79 2334 311 2378 Simmiam
324 2366 337 2388 ,
367 2335 577 2377 Cebetem
597 2338 642 2378 et
662 2334 951 2378 Echecratem
973 2349 1074 2377 eum
1092 2349 1144 2378 eo
1174 2330 1407 2378 convenire
1426 2334 1617 2379 iusserit.
1672 2333 1762 2378 Sed

79 2423 253 2476 praeter
274 2420 391 2462 hanc
407 2419 498 2463 alia
519 2419 654 2463 etiam
677 2433 811 2463 causa
827 2423 914 2473 est,
943 2434 1023 2462 eur
1043 2419 1108 2463 ita
1127 2420 1181 2462 de
1202 2423 1422 2476 tempore,
1464 2433 1553 2475 quo
1577 2418 1763 2463 Phaedo

10 2495 12 2498 ’
79 2503 270 2560 scriptus
289 2504 374 2558 sit,
401 2504 716 2548 existimemus.
772 2503 887 2548 Nam
911 2508 956 2547 et
979 2504 1179 2548 idearum
1204 2505 1403 2548 doctrina
1430 2504 1478 2547 in
1501 2518 1554 2547 eo
1578 2507 1670 2548 tam
1691 2508 1759 2547 est

81 2589 276 2646 perfecta
296 2593 341 2634 et
359 2590 587 2644 absoluta,
621 2593 673 2634 ut
694 2589 743 2634 in
762 2590 886 2634 nullo
916 2588 1006 2636 alio
1033 2589 1150 2636 libro
1172 2589 1343 2648 Μειδίας
1380 2591 1425 2633 et
1443 2592 1758 2647 argumentum

137 2835 178 2890 Ἴ
205 2834 352 2878 Probe
385 2833 476 2878 scio
510 2835 743 2892 scriptores
770 2837 951 2881 Latinos
983 2835 1073 2881 hoe
1104 2837 1372 2881 vocabulum
1404 2849 1493 2882 non
1524 2846 1758 2893 usurpasse

248 2892 336 2933 hac
353 2890 685 2947 significatione.
744 2894 830 2936 Sed
857 2896 904 2937 in
938 2900 1061 2938 tanta
1091 2900 1291 2950 aptorum
1317 2895 1553 2936 verborum
1574 2891 1757 2946 penuria

250 2947 442 2989 dandum
461 2953 528 2991 est
546 2949 713 3004 aliquid
732 2951 1061 3003 consuetudini,
1101 2951 1358 3007 praesertim
1378 2949 1418 2994 si
1446 2954 1542 2992 tum
1564 2948 1759 2992 brevitas

246 3007 342 3048 tum
361 3005 645 3061 perspicuitas
662 3007 871 3052 orationis
888 3008 1081 3056 iuvatur.

136 3100 195 3155 ·’)
224 3100 274 3144 V.
293 3101 482 3170 Praefat.
505 3102 562 3146 ad
582 3104 807 3149 Pliacdon.
839 3121 881 3161 p.
900 3105 989 3158 17„
1015 3105 1094 3148 ubi
1118 3119 1230 3160 quae
1248 3104 1351 3157 dixi,
1381 3117 1489 3147 eave
1506 3102 1568 3146 sic
1586 3099 1753 3145 intelli-

249 3172 331 3213 gas
353 3173 406 3201 ac
425 3175 462 3202 ει
482 3175 581 3202 eam
604 3162 865 3204 sententiam
888 3165 1166 3217 probassem:
1207 3168 1308 3204 sunt
1333 3161 1449 3203 enim
1473 3159 1622 3201 omnia
1646 3172 1749 3199 con-

243 3221 333 3316 ἔίτιιιιε
342 3215 743 3317 Sdcfflteingffiacheri
757 3219 976 3262 rationem
1001 3219 1221 3276 disputata
1239 3218 1324 3272 sic,
1366 3216 1547 3282 utnihil
1570 3226 1751 3285 accura-

133 3354 211 3410 Μ)
241 3353 290 3398 V.
321 3355 718 3413 Wyttenbaeh.
745 3360 803 3403 ad
831 3359 1056 3404 Phaedon.
1086 3374 1127 3416 p.
1146 3358 1218 3405 m.
1247 3360 1302 3402 1).
1330 3358 1382 3402 Ε.
