2040 3646
234 135 313 180 XL

228 277 334 319 beat
354 273 583 333 ingenium
603 273 832 331 perspicax
844 304 859 327 ‚
893 272 951 319 ad
966 286 1123 319 verum
1140 272 1461 331 anquirendum
1492 276 1538 321 et
1557 275 1910 335 investigandum

233 361 376 404 multa
397 359 706 403 exercitatione
725 361 980 414 subactum,
1008 359 1214 417 idemque
1232 360 1289 404 ad
1308 360 1401 403 veri
1418 359 1610 405 rationes
1633 362 1912 419 explicandas

234 450 280 488 et
309 445 436 501 quasi
470 444 710 488 eliciendas
751 448 909 488 natura
941 449 1094 501 aptum
1123 451 1254 501 atque
1294 445 1625 490 conformatum.
1679 447 1914 503 Nunquam

233 531 466 574 Platonem
489 529 662 573 noverit
679 529 860 585 eiusque
879 529 1110 586 ingenium
1133 531 1264 587 plane
1288 530 1580 586 perspexerit,
1608 530 1695 575 nisi
1714 532 1792 588 qui
1811 547 1914 575 cum

232 614 498 670 placitorum
519 614 616 658 eius
631 614 839 671 diligenti
861 613 1114 671 cognitione
1139 615 1416 659 coniunxerit
1435 620 1688 660 accuratam
1714 616 1916 675 dInlogo-

233 712 336 743 rum
354 699 605 744 lectionem.
665 699 813 743 Tanta
831 699 951 742 enim
974 703 1041 743 est
1070 714 1222 743 rerum
1255 714 1307 745 ac
1340 701 1658 745 sententiarum
1687 716 1790 744 cum
1815 716 1917 747 ora-

233 783 367 828 tionis
385 785 529 829 forma
555 798 609 828 ac
633 783 877 827 disserendi
901 784 1071 827 ratione
1092 785 1141 828 in
1166 785 1260 828 illis
1277 786 1575 841 necessitudo,
1622 791 1688 840 ut,
1731 787 1770 830 si
1798 787 1916 831 hanc

233 869 483 926 neglexeris
497 901 511 924 ,
538 883 596 915 ne
616 869 799 914 illarum
820 869 999 928 quidem
1018 869 1086 914 vis
1109 873 1156 916 et
1180 870 1451 928 praestantia
1479 871 1649 929 percipi
1666 872 1762 916 ullo
1784 872 1916 917 modo

235 955 387 1013 possit.
1803 1009 1805 1012 γ

404 1041 557 1098 Quum
572 1052 678 1083 vero
704 1039 751 1082 in
773 1041 1026 1097 argumenti
1054 1041 1271 1085 tractandi
1294 1041 1464 1086 ratione
1485 1055 1538 1086 ac
1568 1040 1810 1087 disserendi
1829 1039 1919 1095 via,

218 1131 451 1186 vquae‘per
476 1126 678 1182 singulas
697 1138 948 1169 sermonum
972 1127 1306 1170 Platonicorum
1334 1132 1482 1183 partes
1505 1130 1691 1184 regnat,
1729 1127 1923 1170 admira-

233 1210 340 1254 bilis
359 1211 576 1266 quaedam
600 1224 673 1253 ars
699 1215 930 1265 cernatur,
958 1226 1045 1267 qua
1066 1211 1279 1265 efficitur,
1317 1215 1368 1255 ut
1393 1212 1500 1268 quid
1515 1226 1671 1255 verum
1690 1211 1771 1266 sit,
1815 1211 1922 1268 quid

234 1295 420 1349 falsum,
467 1310 554 1339 non
586 1310 613 1339 a
639 1295 905 1352 philosopho
936 1296 1184 1352 expositum
1214 1300 1367 1353 putes,
1414 1297 1491 1340 sed
1523 1301 1600 1340 tuo
1623 1297 1718 1354 ipse
1741 1296 1924 1353 ingenio

235 1379 530 1437 investigasse
560 1380 646 1424 tibi
665 1381 887 1434 videaris3
929 1385 1024 1424 tum
1048 1381 1094 1424 in
1119 1381 1350 1424 universae
1376 1381 1683 1438 disputationis
1704 1382 1847 1430 forma
1871 1395 1925 1426 ac

235 1465 531 1522 descriptione
562 1465 652 1509 dici
683 1480 770 1508 non
802 1470 945 1522 potest
978 1471 1140 1522 quanta
1166 1467 1273 1510 insit
1301 1467 1368 1510 vis
1397 1467 1452 1511 ad
1480 1464 1726 1524 legentium
1753 1467 1924 1512 animos

237 1551 495 1607 capiendos,
534 1551 785 1595 retinendos
800 1583 813 1605 ,
853 1555 898 1595 et
918 1552 975 1595 ad
995 1552 1091 1595 veri
1107 1552 1403 1608 investigandi
1431 1553 1625 1596 studium
1654 1553 1924 1598 alliciendos.

236 1636 388 1691 Quum
414 1636 534 1679 enim
562 1641 878 1693 argumentum
907 1637 1188 1694 singulorum
1222 1637 1504 1694 dialogorum
1532 1652 1671 1681 unum
1705 1638 1763 1682 sit
1793 1642 1927 1695 atque

235 1720 448 1778 simplex,
489 1722 725 1777 omniaque
755 1722 812 1765 ad
843 1736 982 1765 unum
1010 1722 1286 1778 eundemque
1307 1722 1442 1766 finem
1461 1723 1730 1780 referantur,
1777 1727 1926 1769 tamen

236 1806 345 1861 quid
381 1807 661 1863 potissimum
706 1811 928 1863 spectetur
972 1811 1017 1851 et
1055 1821 1266 1863 quorsum
1302 1808 1451 1851 tendat
1490 1807 1633 1851 omnis
1672 1808 1925 1866 disputatio,

236 1895 359 1935 tanta
392 1892 653 1948 plerumque
685 1896 781 1935 arte
815 1893 1088 1956 occultatum
1117 1897 1208 1946 cst,
1264 1897 1316 1935 ut
1342 1907 1430 1936 non
1458 1893 1544 1936 nisi
1565 1894 1772 1937 absoluta
1790 1894 1926 1937 totius

236 1977 452 2019 sermonis
474 1978 664 2020 lectione
687 1991 742 2021 ea
760 1977 814 2019 de
830 1991 882 2019 re
901 1977 1105 2046 iudicare
1119 1977 1353 2034 possimus.
1412 1979 1515 2034 Quo
1536 1979 1583 2021 in
1602 1993 1764 2036 genere
1792 1994 1925 2035 nemo

238 2065 306 2104 est
335 2063 442 2117 quin
471 2062 618 2106 videat
650 2077 785 2118 quam
813 2061 1096 2107 admirabilis
1128 2063 1186 2106 sit
1207 2063 1405 2107 Platonis
1425 2063 1662 2121 sapientia:
1692 2064 1770 2120 qui
1791 2079 1927 2120 quum

236 2147 424 2204 egregie
442 2148 735 2205 perspexisset
751 2147 963 2203 colloquii
980 2152 1200 2201 naturam,
1232 2162 1322 2202 eos,
1357 2163 1466 2204 quos
1487 2149 1656 2193 inducit
1675 2150 1930 2205 colloquen-

238 2237 305 2275 tes
321 2264 335 2285 ,
391 2228 456 2276 ita
474 2234 744 2289 disputantes
765 2232 895 2286 facit,
952 2237 1002 2276 ut
1022 2233 1079 2276 ad
1101 2238 1438 2291 argumentum,
1487 2235 1542 2277 de
1569 2248 1655 2290 quo
1685 2234 1928 2291 disseritur,

238 2316 472 2361 videantur
492 2318 730 2362 accessisse
751 2332 841 2362 non
859 2318 1110 2375 praeparati
1130 2323 1261 2374 atque
1279 2318 1501 2371 meditati,
1531 2319 1607 2361 sed
1629 2319 1717 2373 ita,
1753 2323 1802 2362 ut
1819 2333 1925 2363 casu

239 2402 297 2446 ad
335 2402 450 2445 illud
486 2403 625 2446 delati
666 2403 988 2460 cogitationum
1027 2407 1071 2446 et
1109 2403 1340 2446 notionum
1376 2418 1493 2445 nunc
1529 2404 1675 2460 ipsum
1701 2404 1750 2446 in
1777 2405 1928 2448 animo

239 2488 501 2539 obortarum
534 2488 694 2530 seriem
726 2488 871 2531 libera
902 2487 1074 2544 ingenii
1099 2488 1344 2545 agitatione
1370 2493 1713 2545 persequantur,
1767 2488 1926 2534 incerti

240 2573 382 2628 quasi,
410 2587 544 2629 quem
569 2573 738 2617 exitum
769 2573 981 2616 habitura
1010 2572 1068 2616 sit
1091 2573 1344 2630 disputatio.
1401 2574 1558 2629 Itaque
1588 2574 1774 2617 subinde
1805 2575 1928 2631 prin-

240 2672 343 2713 ceps
365 2658 564 2714 quaestio
584 2657 758 2702 videtur
780 2657 955 2716 negligi
975 2662 1018 2701 et
1052 2658 1175 2701 aliud
1207 2660 1378 2716 agendo
1410 2663 1648 2712 tractatur,
1707 2663 1758 2702 ut
1782 2661 1926 2727 qualis

241 2741 299 2785 sit
334 2756 422 2785 non
449 2743 588 2799 possit
608 2743 840 2800 cognosci,
897 2743 986 2786 nisi
1007 2744 1176 2799 dialogi
1197 2748 1379 2797 ornatu,
1439 2744 1742 2800 disputationis
1765 2736 1865 2789 ortu
1884 2750 1929 2790 et

241 2841 503 2884 progressu,
535 2828 724 2884 denique
743 2828 1024 2886 singularum
1054 2828 1247 2886 partium
1273 2834 1487 2873 concentu
1516 2830 1753 2887 diligenter
1783 2830 1927 2874 consi-

240 2911 408 2954 derato.
466 2912 602 2956 Cuius
624 2913 804 2957 artificii
820 2914 934 2958 ratio
955 2927 1090 2969 quum
1110 2914 1263 2956 multis
1283 2916 1473 2957 obscura
1494 2915 1653 2968 fuerit,
1693 2929 1835 2973 neque
1860 2915 1927 2959 di-

240 2995 435 3052 ligenter
452 2997 780 3052 animadversa,
799 3039 800 3042 ,
811 2998 962 3055 paucis
980 2998 1244 3042 illustranda
1263 2999 1462 3053 videtur,
1497 3004 1546 3043 ut
1568 2999 1730 3043 tirones
1752 3005 1927 3043 mature

166 3085 168 3087 ’
241 3082 299 3124 ad
318 3095 417 3124 cam
440 3082 637 3125 animum
668 3084 909 3127 advertant.
967 3083 1144 3127 Etenim
1178 3098 1279 3126 cum
1311 3083 1521 3140 primario
1555 3084 1763 3136 consilio,
1811 3085 1926 3140 quod

243 3166 533 3222 philosophus
557 3167 604 3209 in
622 3168 811 3224 singulis
831 3169 1106 3212 sermonibus
1130 3173 1305 3212 secutus
1324 3173 1388 3212 est
1404 3201 1416 3222 ,
1444 3170 1536 3211 sere
1555 3169 1645 3212 alia
1665 3168 1802 3212 etiam
1821 3183 1927 3212 con-

242 3250 384 3294 iunxit
414 3253 565 3307 plura,
608 3267 720 3308 quae
745 3254 949 3308 quamvis
980 3254 1154 3311 saepius
1178 3253 1349 3299 abillo
1374 3253 1520 3297 aliena
1550 3253 1830 3310 maximeque
1859 3254 1927 3297 ‹li-

244 3349 369 3380 versa
397 3336 650 3392 videantur,
709 3343 855 3382 tamen
891 3353 992 3383 cum
1031 3354 1082 3383 eo
1113 3343 1234 3384 arcte
1268 3338 1500 3385 coniuncta
1521 3342 1622 3384 sunt
1651 3339 1853 3396 adeoque
1868 3339 1925 3383 ad
