2040 3646
273 180 376 241 104
926 177 1288 233 PLATONIS

283 313 353 373 Τί
371 316 573 371 τοῦτο·
549 356 570 383 ‚
662 308 744 372 Τὸ
768 309 916 390 ὀρθὰ
942 311 1185 387 δοξάζειν
1217 315 1310 375 καὶ
1337 313 1471 377 ἄνευ
1493 321 1601 378 τοῦ
1623 316 1758 396 ἔχειν
1778 317 1943 397 λόγον

275 402 474 459 δοῦναι
498 394 607 455 ουκ
629 392 794 471 οἷσθ’,
836 396 1025 477 ἔφη,
1002 395 1086 457 ότι
1109 422 1238 459 ουτε
1262 401 1590 461 ἐπίστασθαί
1613 403 1770 462 ἐστιν·
1810 401 1942 462 ἄλο*

272 503 373 558 γον
393 478 497 559 γὰρ
521 485 741 559 πρᾶγμα
762 486 879 554 πῶς
901 479 969 541 ἂν
990 484 1073 562 εἴη
1095 484 1390 588 ἐπιστήμης
1444 484 1572 545 οὔτε
1597 485 1825 562 αιιαθία·
1878 485 1942 546 τὸ

276 562 380 643 γὰρ
408 569 513 624 τοῦ
531 563 693 638 ὄντος
711 565 982 644 τυγχάνον
1003 573 1120 641 πῶς
1145 565 1213 627 ἂν
1237 572 1320 648 εἴη
1346 568 1589 647 αμαθία,·
1628 572 1737 630 ε’στι
1759 573 1817 631 δὲ
1840 571 1943 652 δή·-

273 664 390 708 nov
410 656 666 708 τοιοῦτον
687 647 725 729 ἡ
753 648 900 735 ὀρθὴ
929 649 1066 722 δόξα
1082 696 1097 725 ,
1152 651 1354 729 μεταξὺ
1393 653 1636 731 ἀμαθίας
1671 657 1762 714 καὶ
1797 679 1942 733 φρο-

272 733 494 813 νήσεως.
577 732 800 814 Ἀληθῆ,
841 736 912 812 ἠν
935 733 984 794 δ’
1008 735 1131 815 ἐγώ,
1171 738 1356 816 λέγεις.
1440 736 1542 818 Μὴ
1561 741 1750 800 τοίνυν
1774 738 1942 818 ἀνάγ-

200 824 248 875 Β
271 814 440 891 καζε
422 817 454 877 ὀ
479 814 572 921 μὴ
579 817 749 878 καλόν
774 819 915 880 ἐστιν
941 819 1165 899 αἰσχοὸν
1187 829 1350 896 εἰναι,
1402 825 1537 903 μηδὲ
1575 821 1606 881 ὃ
1627 822 1703 908 μὴ
1729 822 1942 903 αγαθόν

269 901 457 962 κακόν.
499 897 645 962 οὕτω
680 904 739 962 δὲ
761 905 853 962 καὶ
874 901 972 963 τὸν
993 903 1210 980 Ἔρωτα
1234 905 1416 986 ἐπειδὴ
1458 905 1625 981 αὐτὸς
1660 907 1941 987 ὁμολογεῖς

266 984 345 1067 μὴ
374 982 508 1046 εἶναι
536 984 749 1066 αγαθὸν
769 990 904 1068 μηδὲ
925 990 1122 1063 καλόν,
1162 992 1333 1071 μηδέν
1362 1014 1413 1050 τι
1437 996 1645 1068 μᾶλλον
1671 996 1800 1052 οἴου
1829 997 1941 1053 δεῖν

267 1068 447 1131 αὐτὸν
486 1070 710 1150 αἰσχρὸν
743 1074 837 1131 καὶ
872 1071 1043 1143 κακὸν
1081 1071 1245 1148 εἶναι,
1300 1074 1437 1134 ἄλλά
1466 1098 1516 1134 τι
1542 1075 1832 1152 μεταξυ,’
1815 1078 1938 1156 ἔφη,

265 1154 502 1215 τούτοιν.

265 1239 484 1300 πάντων
508 1239 673 1319 μέγας
694 1238 829 1314 θεὸς
853 1247 1002 1301 εἰναι.

263 1345 370 1386 των
404 1325 576 1408 λέγεις
613 1321 657 1410 ἢ
695 1326 791 1387 καὶ
824 1330 933 1388 τῶν
965 1325 1224 1398 amdam-v,-

322 1533 388 1581 T6
411 1533 537 1594 ὀρθὰ
560 1535 768 1592 δοξάζειν
791 1537 851 1596 -]
895 1538 1007 1585 Nam
1036 1538 1066 1597 ἢ

260 1590 379 1647 δόξα
427 1595 546 1650 (die
600 1596 887 1639 sinnliehe
926 1597 1066 1640 Vor-

260 1652 443 1696 stellu
458 1653 556 1719 ng)
585 1654 771 1696 refertur
797 1654 851 1697 ad
876 1669 946 1696 res
969 1669 1067 1698 sen-

256 1707 381 1750 sibus
407 1708 625 1752 subiectas
655 1725 796 1766 neque
819 1711 953 1753 efficit
989 1725 1067 1754 ve-

258 1763 403 1807 ritatis
439 1766 736 1822 cognitionem
774 1768 950 1810 nomine
985 1782 1063 1811 suo

256 1820 461 1888 difnam:
502 1821 726 1893 ἐπιστήμη
753 1830 902 1867 autem
929 1825 1064 1880 perti-

254 1889 330 1920 net
370 1879 426 1921 ad
461 1876 519 1922 τὰ
558 1874 700 1931 όντως
740 1876 878 1933 ὄντα,
936 1882 982 1923 h.
1022 1896 1060 1925 e.

253 1934 405 1990 ideas,
463 1950 650 1991 quarum
699 1938 1061 2005 contemplatione

251 1991 550 2035 nanciscimur
582 1995 676 2036 sola
701 1995 928 2037 scientiam
949 1995 1063 2037 veri-

252 2047 369 2091 tatis.
430 2050 580 2104 Quum
607 2055 755 2094 autem
789 2050 903 2104 δόξα
928 2052 1062 2106 perti-

252 2110 355 2148 neat
394 2106 449 2148 ad
478 2120 548 2148 res
579 2107 625 2149 in
658 2122 808 2155 sensus
846 2109 1059 2163 cadentes,

253 2165 300 2203 et
336 2175 389 2203 ex
426 2163 624 2206 Platonis
670 2164 883 2207 sententia
921 2179 1061 2219 neque

252 2218 394 2260 omnis
425 2220 625 2263 veritatis
652 2235 803 2288 expers
833 2222 889 2263 sit
918 2236 1060 2289 neque

162 2300 165 2306 ,
248 2274 414 2317 habeat
443 2290 573 2319 verae
605 2277 812 2320 scientiae
844 2275 1059 2334 (ἐπιστή-

248 2333 367 2386 μης)
393 2332 647 2381 firmitatem
661 2339 705 2377 et
721 2337 1009 2381 constantiam
1031 2358 1059 2369 -

247 2402 391 2454 neque
415 2389 531 2430 enim
549 2391 630 2445 τῆς
651 2389 790 2446 δόξης
805 2397 968 2436 certam
988 2405 1060 2434 rav

179 2473 181 2476 ι
248 2444 415 2486 tionem
437 2447 617 2488 reddere
629 2448 725 2502 quis
730 2462 860 2516 quam
876 2454 1033 2517 potest
1030 2471 1058 2480 -

247 2510 456 2556 apparet,
502 2518 580 2546 nur
611 2519 663 2546 ea
687 2501 855 2558 μεταξὺ
884 2502 1058 2563 φρονή

248 2571 362 2607 σεως
378 2558 458 2601 καὶ
480 2554 688 2614 ἀμαθίας
708 2561 939 2604 interiecta
963 2576 1058 2605 esse

247 2614 1056 2673 dicatur.v.T11eaetet.p.l90.A.

246 2685 340 2725 sqq.
372 2671 566 2727 Sophist
590 2689 631 2728 p.
652 2674 737 2719 263
758 2690 849 2729 sqq.
879 2675 1056 2719 Phileb.
1045 2700 1095 2729 ,f

246 2741 289 2782 p.
313 2728 385 2769 37.
406 2729 457 2771 A.
475 2744 567 2784 sqq.
620 2732 768 2784 Quum
789 2735 936 2773 autem
959 2745 1059 2774 ver-

246 2785 409 2828 horum
460 2788 675 2830 sententia
712 2787 946 2830 manifesta
986 2788 1056 2840 sit,

246 2844 398 2883 tamen
436 2842 489 2883 de
518 2857 670 2885 eorum
702 2843 956 2899 integritate
983 2858 1058 2888 ve-

245 2896 476 2940 hementer
501 2899 765 2942 dubitamus.
777 2900 915 2971 Quid
938 2901 1054 2943 enim

246 2953 335 2997 sibi
364 2954 449 2997 ista
481 2957 654 2999 volunt.
713 2955 791 2999 καὶ
826 2952 934 2999 ἄνευ
968 2958 1053 3000 τοῦ

245 3007 364 3064 ἔχειν
382 3007 517 3064 λόγον
540 3012 736 3055 δοῦναιὲ
788 3013 855 3058 An
879 3013 1054 3082 putabis

245 3068 383 3109 verba
412 3068 476 3110 ita
508 3069 802 3111 eonntctenda
830 3084 875 3111 es
878 3084 943 3111 se:
994 3066 1047 3114 τὸ

245 3118 373 3192 633&
409 3123 616 3193 δοξάζειν
650 3125 727 3168 καὶ
751 3121 803 3169 τὸ
827 3120 954 3193 ὀρθὰ
974 3126 1052 3169 60-

246 3177 434 3232 gozgfw'
415 3176 524 3224 α’νευ
545 3182 631 3225 τοῦ
650 3181 762 3236 ἔχειν
785 3180 922 3234 λόγον
943 3183 1050 3227 δοῦ

243 3237 355 3281 νᾱιέ
412 3238 464 3284 Id
491 3251 595 3284 vero
633 3253 677 3281 es
681 3243 747 3281 set
777 3238 947 3282 ratione
981 3240 1051 3282 in-.-

242 3292 403 3340 uenire.
460 3296 520 3338 Ut
560 3295 712 3351 paucis
748 3295 891 3338 dicam
934 3296 1051 3349 quod

185 3376 191 3381 ·
243 3348 410 3401 sentio,
449 3351 681 3398 delendum
702 3356 767 3393 est
795 3351 896 3402 καί,
934 3352 1050 3405 quod

242 3407 300 3454 ab
336 3405 483 3468 inepto
519 3407 808 3468 grammatico
851 3407 1050 3455 additum

588 1158 707 1216 Καὶ
740 1155 903 1247 μήν,
931 1157 1002 1236 ἡν
1038 1157 1087 1218 δ’
1122 1158 1253 1237 ἐγώ,
1328 1158 1666 1238 ὃμολογεῖταί
1696 1184 1754 1239 γε
1790 1160 1940 1238 παρὰ

1096 1247 1221 1303 Τῶν
1244 1241 1319 1325 μὴ
1346 1244 1592 1317 εἰδότων,
1635 1246 1759 1324 ἔφη,
1800 1245 1939 1305 πάνφ

1307 1328 1649 1409 Ξυμπάντων
1683 1332 1780 1411 μὲν
1815 1331 1935 1390 οὐην

1131 1540 1316 1585 videtur.
1376 1541 1475 1597 Quo
1505 1540 1619 1584 facto
1642 1539 1790 1584 omnia
1825 1541 1939 1596 opti-

1129 1612 1202 1640 me
1246 1600 1495 1641 cohaerent.
1554 1600 1596 1640 R
1609 1613 1633 1640 e
1645 1614 1669 1640 c
1682 1603 1732 1640 te
1782 1598 1836 1640 iu
1849 1599 1901 1641 di
1914 1623 1938 1633 -

1131 1670 1286 1708 care,
1314 1655 1486 1710 inquit,
1527 1655 1610 1698 ita
1640 1661 1699 1697 ut
1726 1655 1779 1696 iu
1797 1655 1938 1700 dicii

1130 1712 1221 1754 tui
1278 1727 1387 1754 non
1443 1712 1628 1768 possis
1697 1712 1935 1754 reddere

1128 1771 1444 1821 rationem,
1501 1784 1529 1810 ιι
1547 1783 1572 1810 ο
1592 1783 1619 1810 ιι
1642 1783 1671 1809 ιι
1694 1783 1719 1809 e
1770 1773 1935 1823 putas

1130 1840 1252 1868 esse
1282 1840 1458 1880 neque
1501 1825 1810 1867 scientiam
1839 1840 1935 1866 ne-

1127 1897 1226 1937 que
1281 1881 1679 1928 inscientiam.
1660 1882 1685 1912 ‘³
1752 1882 1803 1926 Si
1857 1881 1937 1930 καί
1983 1880 1988 1886 ’

1125 1953 1279 1981 verum
1307 1955 1373 1981 es
1356 1945 1432 1991 set,
1460 1939 1632 1993 reliqua
1653 1938 1776 1980 haud
1801 1938 1934 1980 dubio

1127 1997 1190 2039 sic
1215 2010 1260 2036 se
1287 1997 1529 2038 hahelent:
1584 1994 1662 2037 καὶ
1692 1992 1776 2038 οὐκ
1817 1993 1933 2049 ἔχειν

1125 2051 1261 2106 λόγον
1298 2054 1476 2096 δοῦναι.
1542 2051 1788 2106 [Equidem
1820 2052 1932 2094 haec

1125 2111 1260 2153 verba
1310 2110 1372 2153 sie
1416 2107 1713 2163 accipiebam:
1771 2123 1794 2150 r
1807 2123 1831 2151 e
1844 2124 1866 2150 c
1879 2113 1896 2151 t
1907 2123 1932 2151 e

1125 2165 1318 2221 opinari,
1348 2165 1519 2208 etiamsi
1549 2179 1737 2222 nequeas
1760 2166 1932 2218 docere,

1125 2237 1205 2264 cur
1246 2225 1381 2264 talem
1430 2222 1682 2278 opinionem
1722 2228 1932 2276 tanquam

1124 2283 1344 2321 rectam
1397 2293 1710 2334 veramque
1766 2284 1929 2323 teneas.

1165 2336 1417 2448 ἅλὲγον
1364 2387 1452 2450 γὰρ
1478 2392 1711 2459 πρᾶγμα-
1682 2391 1738 2446 -]
1770 2393 1838 2434 De
1861 2406 1934 2434 re-

1123 2449 1259 2504 petita
1302 2449 1553 2505 parenthesi
1597 2463 1638 2493 v.
1679 2448 1927 2492 Fritsch.

1123 2507 1312 2575 Quaest
1327 2506 1535 2548 Luciann.
1562 2521 1603 2573 p.
1624 2504 1682 2546 97
1705 2519 1798 2558 sqq.

1181 2563 1266 2605 τοῦ
1287 2557 1421 2612 ὄντος
1444 2559 1714 2629 τυγχάνον]
1736 2562 1851 2603 Cave
1874 2561 1929 2605 do

1121 2618 1232 2662 ideis
1248 2619 1523 2687 cogitaveris.
1553 2619 1649 2660 Imo
1667 2613 1721 2660 τὸ
1739 2612 1793 2660 ὅν
1812 2632 1929 2660 nune

1123 2675 1391 2746 intelligitur
1409 2671 1461 2718 τὸ
1487 2669 1670 2730 ἀληθές.
1710 2674 1823 2718 Nam
1849 2674 1952 2729 qui·

1125 2729 1249 2786 ὀρθά
1279 2729 1484 2784 δοξάζει,
1533 2731 1572 2773 is
1607 2731 1811 2786 opinione
1838 2745 1927 2777 nou

1122 2789 1291 2832 fallitur
1316 2788 1579 2854 attingitque
1594 2802 1761 2829 verum.
1792 2788 1928 2829 Dein„-

1122 2845 1176 2887 de
1206 2861 1260 2887 ne
1283 2846 1379 2901 quis
1402 2844 1528 2888 malit
1551 2842 1721 2898 μεταξύ
1745 2860 1787 2886 τι
1809 2859 1927 2913 α’μα-

1118 2902 1255 2955 θίας,
1320 2907 1368 2944 ut
1403 2915 1505 2947 mox
1534 2901 1697 2944 dicitur
1731 2894 1844 2944 ἄλλά
1878 2916 1926 2943 τι

1118 2936 1286 3012 μεταξὺ
1324 2973 1533 3013 τουτοιν,
1594 2947 1747 3002 eodem
1792 2957 1924 2998 modo

1118 3016 1233 3059 inira
1254 3031 1294 3086 p.
1317 3014 1415 3058 202.
1444 3016 1496 3059 1).
1522 2991 1652 3057 ἀλλὰ
1673 3014 1719 3055 τί
1745 3012 1864 3082 μήν;
1894 3036 1925 3050 --

1117 3068 1288 3128 μεταξν
1309 3072 1489 3127 θνητοῦ
1509 3069 1587 3115 καὶ
1609 3065 1868 3113 ἀθανάτου.

1170 3129 1224 3171 Β.
1282 3129 1385 3171 Τῶν
1377 3089 1468 3182 ημὴ
1493 3123 1684 3170 εἰδότων
1705 3149 1735 3162 --
1753 3124 1920 3194 λέγεις]

1114 3184 1160 3228 h.
1180 3198 1218 3226 e.
1248 3183 1445 3252 πότερον
1481 3182 1619 3251 λέγεις
1646 3178 1775 3251 παρὰ
1805 3179 1921 3225 πάν-

1116 3256 1206 3283 των
1243 3243 1336 3284 τῶν
1361 3257 1423 3296 μη
1466 3237 1655 3284 εἰδότων
1689 3235 1923 3294 ὁμολογεῖρ

1117 3298 1231 3339 σθαι
1260 3293 1289 3353 ἢ
1310 3297 1389 3340 καὶ
1397 3257 1505 3340 ητῶν
1525 3295 1726 3340 εἰδότων.
1784 3297 1920 3338 Prae-

1116 3353 1275 3419 positio
1312 3367 1624 3419 saepenumero
1653 3366 1706 3396 ox
1735 3351 1918 3396 alterius

1116 3410 1440 3458 mterlocutciis
1476 3408 1624 3457 verbis
1665 3414 1811 3456 mente
1837 3421 1918 3458 xe-
