<?xml version="1.0" encoding="UTF-8"?>
<!DOCTYPE html PUBLIC "-//W3C//DTD XHTML 1.0 Transitional//EN"
    "http://www.w3.org/TR/xhtml1/DTD/xhtml1-transitional.dtd">
<html xmlns="http://www.w3.org/1999/xhtml" xml:lang="en" lang="en">
 <head>
  <title>
</title>
<meta http-equiv="Content-Type" content="text/html;charset=utf-8" />
  <meta name='ocr-system' content='tesseract 3.04.00' />
  <meta name='ocr-capabilities' content='ocr_page ocr_carea ocr_par ocr_line ocrx_word'/>
</head>
<body>
  <div class='ocr_page' id='page_1' title='image "./s1s2s3operaomnia01platuoft_0228.png"; bbox 0 0 2040 3646; ppageno 0'>
   <div class='ocr_carea' id='block_1_1' title="bbox 271 174 341 228">
    <p class='ocr_par' dir='ltr' id='par_1_1' title="bbox 271 174 341 228">
     <span class='ocr_line' id='line_1_1' title="bbox 271 174 341 228; baseline 0 0"><span class='ocrx_word' id='word_1_1' title='bbox 271 174 341 228; x_wconf 78' lang='lat'><strong>26</strong></span> 
     </span>
    </p>
   </div>
   <div class='ocr_carea' id='block_1_2' title="bbox 866 173 1295 251">
    <p class='ocr_par' dir='ltr' id='par_1_2' title="bbox 866 173 1295 251">
     <span class='ocr_line' id='line_1_2' title="bbox 866 173 1295 251; baseline 0.007 -25"><span class='ocrx_word' id='word_1_2' title='bbox 866 245 873 250; x_wconf 30' lang='lat'><strong>,</strong></span> <span class='ocrx_word' id='word_1_3' title='bbox 935 173 1295 251; x_wconf 75' lang='lat' dir='ltr'><strong>PLATQle</strong></span> 
     </span>
    </p>
   </div>
   <div class='ocr_carea' id='block_1_3' title="bbox 178 295 1953 392">
    <p class='ocr_par' dir='ltr' id='par_1_3' title="bbox 178 295 1953 392">
     <span class='ocr_line' id='line_1_3' title="bbox 178 295 1953 392; baseline 0.007 -29"><span class='ocrx_word' id='word_1_4' title='bbox 178 311 227 363; x_wconf 86' lang='lat' dir='ltr'>B</span> <span class='ocrx_word' id='word_1_5' title='bbox 248 297 250 303; x_wconf 12' lang='lat' dir='ltr'>X</span> <span class='ocrx_word' id='word_1_6' title='bbox 271 325 387 381; x_wconf 86' lang='grc' dir='ltr'><strong><em>ρος·</em></strong></span> <span class='ocrx_word' id='word_1_7' title='bbox 430 302 602 365; x_wconf 75' lang='grc' dir='ltr'><strong><em>οἶσθα</em></strong></span> <span class='ocrx_word' id='word_1_8' title='bbox 634 306 740 386; x_wconf 78' lang='grc' dir='ltr'><strong>γάρ</strong></span> <span class='ocrx_word' id='word_1_9' title='bbox 770 323 890 370; x_wconf 74' lang='grc' dir='ltr'><strong>που</strong></span> <span class='ocrx_word' id='word_1_10' title='bbox 922 309 1020 371; x_wconf 78' lang='grc' dir='ltr'><strong><em>τὸν</em></strong></span> <span class='ocrx_word' id='word_1_11' title='bbox 1048 308 1224 390; x_wconf 74' lang='grc' dir='ltr'><strong><em>ἄνδρα</em></strong></span> <span class='ocrx_word' id='word_1_12' title='bbox 1258 314 1354 372; x_wconf 83' lang='grc' dir='ltr'><strong>καὶ</strong></span> <span class='ocrx_word' id='word_1_13' title='bbox 1390 295 1490 376; x_wconf 80' lang='grc' dir='ltr'><strong><em>τὸν</em></strong></span> <span class='ocrx_word' id='word_1_14' title='bbox 1514 314 1720 392; x_wconf 67' lang='grc' dir='ltr'><strong><em>τρόπον</em></strong></span> <span class='ocrx_word' id='word_1_15' title='bbox 1757 314 1953 375; x_wconf 73' lang='grc' dir='ltr'><em>αὐτοῦ.</em></span> 
     </span>
    </p>
   </div>
   <div class='ocr_carea' id='block_1_4' title="bbox 272 391 851 471">
    <p class='ocr_par' dir='ltr' id='par_1_4' title="bbox 272 391 851 471">
     <span class='ocr_line' id='line_1_4' title="bbox 272 391 851 471; baseline 0.012 -23"><span class='ocrx_word' id='word_1_16' title='bbox 272 394 401 448; x_wconf 83' lang='lat' dir='ltr'><strong><em>EX.</em></strong></span> <span class='ocrx_word' id='word_1_17' title='bbox 435 395 587 465; x_wconf 64' lang='lat' dir='ltr'><strong>⁴Hcfig</strong></span> <span class='ocrx_word' id='word_1_18' title='bbox 610 391 714 471; x_wconf 79' lang='grc' dir='ltr'><strong>γὰρ</strong></span> <span class='ocrx_word' id='word_1_19' title='bbox 741 391 817 454; x_wconf 81' lang='grc' dir='ltr'><strong>οὔ</strong></span> <span class='ocrx_word' id='word_1_20' title='bbox 828 418 851 464; x_wconf 90' lang='lat'><strong>,·</strong></span> 
     </span>
    </p>
   </div>
   <div class='ocr_carea' id='block_1_5' title="bbox 937 396 1956 471">
    <p class='ocr_par' dir='ltr' id='par_1_5' title="bbox 937 396 1956 471">
     <span class='ocr_line' id='line_1_5' title="bbox 937 396 1956 471; baseline 0.003 -16"><span class='ocrx_word' id='word_1_21' title='bbox 937 401 1140 456; x_wconf 88' lang='grc' dir='ltr'><em>ΦΑΙΔ.</em></span> <span class='ocrx_word' id='word_1_22' title='bbox 1183 396 1422 471; x_wconf 81' lang='grc' dir='ltr'><strong><em>Ἐκεῖνός</em></strong></span> <span class='ocrx_word' id='word_1_23' title='bbox 1442 421 1499 459; x_wconf 84' lang='grc' dir='ltr'><strong>τε</strong></span> <span class='ocrx_word' id='word_1_24' title='bbox 1533 402 1724 460; x_wconf 81' lang='grc' dir='ltr'><strong><em>τοίνυν</em></strong></span> <span class='ocrx_word' id='word_1_25' title='bbox 1747 400 1956 460; x_wconf 79' lang='grc' dir='ltr'><strong><em>παντά-</em></strong></span> 
     </span>
    </p>
   </div>
   <div class='ocr_carea' id='block_1_6' title="bbox 261 472 1956 987">
    <p class='ocr_par' dir='ltr' id='par_1_6' title="bbox 261 472 1956 987">
     <span class='ocr_line' id='line_1_6' title="bbox 269 472 1956 564; baseline 0.006 -31"><span class='ocrx_word' id='word_1_26' title='bbox 269 489 440 548; x_wconf 74' lang='grc' dir='ltr'><strong><em>πασιν</em></strong></span> <span class='ocrx_word' id='word_1_27' title='bbox 462 472 644 557; x_wconf 73' lang='grc' dir='ltr'><strong><em>οὕτως</em></strong></span> <span class='ocrx_word' id='word_1_28' title='bbox 668 474 772 555; x_wconf 78' lang='grc' dir='ltr'><strong><em>εἶχε</em></strong></span> <span class='ocrx_word' id='word_1_29' title='bbox 786 523 803 553; x_wconf 76' lang='grc'>,</span> <span class='ocrx_word' id='word_1_30' title='bbox 858 482 953 540; x_wconf 80' lang='grc' dir='ltr'><strong>καὶ</strong></span> <span class='ocrx_word' id='word_1_31' title='bbox 977 479 1147 556; x_wconf 79' lang='grc' dir='ltr'><strong><em>αὐτὸς</em></strong></span> <span class='ocrx_word' id='word_1_32' title='bbox 1184 483 1343 561; x_wconf 72' lang='grc' dir='ltr'><strong><em>ἔγωγε</em></strong></span> <span class='ocrx_word' id='word_1_33' title='bbox 1380 483 1741 564; x_wconf 76' lang='grc' dir='ltr'><strong><em>ἐτεταράγμην</em></strong></span> <span class='ocrx_word' id='word_1_34' title='bbox 1773 487 1866 544; x_wconf 79' lang='grc' dir='ltr'><strong>καὶ</strong></span> <span class='ocrx_word' id='word_1_35' title='bbox 1900 486 1956 543; x_wconf 79' lang='grc' dir='ltr'><strong>οἱ</strong></span> 
     </span>
     <span class='ocr_line' id='line_1_7' title="bbox 268 556 1954 648; baseline 0.007 -31"><span class='ocrx_word' id='word_1_36' title='bbox 268 556 446 626; x_wconf 80' lang='grc' dir='ltr'><em>ἄλλοι.</em></span> <span class='ocrx_word' id='word_1_37' title='bbox 494 608 496 610; x_wconf 89' lang='grc'>-</span> <span class='ocrx_word' id='word_1_38' title='bbox 529 565 658 620; x_wconf 83' lang='lat' dir='ltr'><strong><em>EX.</em></strong></span> <span class='ocrx_word' id='word_1_39' title='bbox 689 561 934 642; x_wconf 82' lang='grc' dir='ltr'><strong><em>Ἔτυχον</em></strong></span> <span class='ocrx_word' id='word_1_40' title='bbox 958 566 1020 626; x_wconf 80' lang='grc' dir='ltr'><strong>δέ</strong></span> <span class='ocrx_word' id='word_1_41' title='bbox 1032 610 1048 640; x_wconf 85' lang='grc'>,</span> <span class='ocrx_word' id='word_1_42' title='bbox 1084 557 1151 626; x_wconf 44' lang='grc' dir='ltr'><strong>,ὦ</strong></span> <span class='ocrx_word' id='word_1_43' title='bbox 1182 569 1434 640; x_wconf 80' lang='grc' dir='ltr'><strong><em>Φαίδων,</em></strong></span> <span class='ocrx_word' id='word_1_44' title='bbox 1475 570 1616 642; x_wconf 80' lang='grc' dir='ltr'><strong><em>τίνες</em></strong></span> <span class='ocrx_word' id='word_1_45' title='bbox 1647 568 1954 648; x_wconf 77' lang='grc' dir='ltr'><strong><em>παραγενό-</em></strong></span> 
     </span>
     <span class='ocr_line' id='line_1_8' title="bbox 265 642 1953 736; baseline 0.007 -33"><span class='ocrx_word' id='word_1_46' title='bbox 265 667 486 736; x_wconf 59' lang='lat' dir='ltr'><strong>aevom·</strong></span> <span class='ocrx_word' id='word_1_47' title='bbox 520 651 745 708; x_wconf 70' lang='grc' dir='ltr'><em>,.ΦΑΙΔ.</em></span> <span class='ocrx_word' id='word_1_48' title='bbox 799 642 985 725; x_wconf 72' lang='grc' dir='ltr'><strong><em>Οὗτός</em></strong></span> <span class='ocrx_word' id='word_1_49' title='bbox 1007 674 1063 710; x_wconf 84' lang='grc' dir='ltr'><strong>τε</strong></span> <span class='ocrx_word' id='word_1_50' title='bbox 1101 649 1172 732; x_wconf 78' lang='grc' dir='ltr'><strong>δὴ</strong></span> <span class='ocrx_word' id='word_1_51' title='bbox 1203 649 1235 711; x_wconf 85' lang='grc' dir='ltr'><em>ὃ</em></span> <span class='ocrx_word' id='word_1_52' title='bbox 1253 650 1664 730; x_wconf 77' lang='grc' dir='ltr'><strong><em>Ἀπολλόδωρος</em></strong></span> <span class='ocrx_word' id='word_1_53' title='bbox 1697 659 1806 713; x_wconf 76' lang='grc' dir='ltr'><strong><em>τῶν</em></strong></span> <span class='ocrx_word' id='word_1_54' title='bbox 1836 655 1953 713; x_wconf 77' lang='grc' dir='ltr'><strong>ἐπι-</strong></span> 
     </span>
     <span class='ocr_line' id='line_1_9' title="bbox 263 731 1954 819; baseline 0.007 -32"><span class='ocrx_word' id='word_1_55' title='bbox 263 731 487 808; x_wconf 78' lang='grc' dir='ltr'><strong><em>χωρίων</em></strong></span> <span class='ocrx_word' id='word_1_56' title='bbox 519 737 708 812; x_wconf 79' lang='grc' dir='ltr'><strong><em>παρῆν</em></strong></span> <span class='ocrx_word' id='word_1_57' title='bbox 754 736 849 794; x_wconf 84' lang='grc' dir='ltr'><strong>καὶ</strong></span> <span class='ocrx_word' id='word_1_58' title='bbox 897 734 1283 814; x_wconf 82' lang='grc' dir='ltr'><strong><em>Κριτόβουλος</em></strong></span> <span class='ocrx_word' id='word_1_59' title='bbox 1326 738 1422 796; x_wconf 72' lang='grc' dir='ltr'><strong>καὶ</strong></span> <span class='ocrx_word' id='word_1_60' title='bbox 1465 736 1500 798; x_wconf 85' lang='grc' dir='ltr'><em>ὃ</em></span> <span class='ocrx_word' id='word_1_61' title='bbox 1544 736 1729 819; x_wconf 73' lang='grc' dir='ltr'><strong><em>πατὴρ</em></strong></span> <span class='ocrx_word' id='word_1_62' title='bbox 1770 737 1954 799; x_wconf 78' lang='grc' dir='ltr'><strong><em>αὐτοῦ</em></strong></span> 
     </span>
     <span class='ocr_line' id='line_1_10' title="bbox 265 816 1952 904; baseline 0.007 -31"><span class='ocrx_word' id='word_1_63' title='bbox 265 816 520 889; x_wconf 79' lang='grc' dir='ltr'><strong><em>Κρίτων,</em></strong></span> <span class='ocrx_word' id='word_1_64' title='bbox 574 819 668 876; x_wconf 79' lang='grc' dir='ltr'><strong>καὶ</strong></span> <span class='ocrx_word' id='word_1_65' title='bbox 700 818 777 878; x_wconf 71' lang='grc' dir='ltr'><strong>ἔτι</strong></span> <span class='ocrx_word' id='word_1_66' title='bbox 800 817 1135 903; x_wconf 74' lang='grc' dir='ltr'><strong><em>Ἑρμογένης</em></strong></span> <span class='ocrx_word' id='word_1_67' title='bbox 1161 823 1255 881; x_wconf 84' lang='grc' dir='ltr'><strong>καὶ</strong></span> <span class='ocrx_word' id='word_1_68' title='bbox 1273 820 1559 904; x_wconf 77' lang='grc' dir='ltr'><strong><em>Ἐπιγένης</em></strong></span> <span class='ocrx_word' id='word_1_69' title='bbox 1580 826 1675 882; x_wconf 81' lang='grc' dir='ltr'><strong>καὶ</strong></span> <span class='ocrx_word' id='word_1_70' title='bbox 1694 825 1952 903; x_wconf 82' lang='grc' dir='ltr'><strong><em>Αἰσχίνης</em></strong></span> 
     </span>
     <span class='ocr_line' id='line_1_11' title="bbox 261 895 1951 987; baseline 0.006 -30"><span class='ocrx_word' id='word_1_71' title='bbox 261 901 356 958; x_wconf 81' lang='grc' dir='ltr'><strong>καὶ</strong></span> <span class='ocrx_word' id='word_1_72' title='bbox 377 898 737 983; x_wconf 78' lang='grc' dir='ltr'><strong><em>Ἀντισθένης.</em></strong></span> <span class='ocrx_word' id='word_1_73' title='bbox 780 895 852 983; x_wconf 85' lang='grc' dir='ltr'><strong><em>ἦν</em></strong></span> <span class='ocrx_word' id='word_1_74' title='bbox 876 907 935 966; x_wconf 77' lang='grc' dir='ltr'><strong>δὲ</strong></span> <span class='ocrx_word' id='word_1_75' title='bbox 961 908 1059 966; x_wconf 31' lang='grc' dir='ltr'><strong>’καὶ</strong></span> <span class='ocrx_word' id='word_1_76' title='bbox 1090 906 1420 987; x_wconf 80' lang='grc' dir='ltr'><strong><em>Κτήσιππος</em></strong></span> <span class='ocrx_word' id='word_1_77' title='bbox 1451 906 1485 968; x_wconf 84' lang='grc' dir='ltr'>ὁ</span> <span class='ocrx_word' id='word_1_78' title='bbox 1514 907 1820 981; x_wconf 75' lang='grc' dir='ltr'><strong><em>Παιανιεὺς</em></strong></span> <span class='ocrx_word' id='word_1_79' title='bbox 1848 910 1951 968; x_wconf 81' lang='grc' dir='ltr'><strong>καὶ</strong></span> 
     </span>
    </p>
   </div>
   <div class='ocr_carea' id='block_1_7' title="bbox 261 983 1615 1070">
    <p class='ocr_par' dir='ltr' id='par_1_7' title="bbox 261 983 1615 1070">
     <span class='ocr_line' id='line_1_12' title="bbox 261 983 1615 1070; baseline 0.007 -26"><span class='ocrx_word' id='word_1_80' title='bbox 261 983 566 1060; x_wconf 77' lang='grc' dir='ltr'><strong><em>Μενέξένος</em></strong></span> <span class='ocrx_word' id='word_1_81' title='bbox 617 991 712 1047; x_wconf 78' lang='grc' dir='ltr'><strong>καὶ</strong></span> <span class='ocrx_word' id='word_1_82' title='bbox 755 987 917 1051; x_wconf 71' lang='grc' dir='ltr'><strong><em>ἄλλοι</em></strong></span> <span class='ocrx_word' id='word_1_83' title='bbox 962 992 1103 1064; x_wconf 75' lang='grc' dir='ltr'><strong><em>τινὲς</em></strong></span> <span class='ocrx_word' id='word_1_84' title='bbox 1149 997 1258 1051; x_wconf 75' lang='grc' dir='ltr'><strong><em>τῶν</em></strong></span> <span class='ocrx_word' id='word_1_85' title='bbox 1301 992 1615 1070; x_wconf 76' lang='grc' dir='ltr'><strong><em>ἐπιχωρίων·</em></strong></span> 
     </span>
    </p>
   </div>
   <div class='ocr_carea' id='block_1_8' title="bbox 1707 992 1948 1053">
    <p class='ocr_par' dir='ltr' id='par_1_8' title="bbox 1707 992 1948 1053">
     <span class='ocr_line' id='line_1_13' title="bbox 1707 992 1948 1053; baseline 0.008 -2"><span class='ocrx_word' id='word_1_86' title='bbox 1707 992 1948 1053; x_wconf 75' lang='grc' dir='ltr'><strong><em>Πλάτων</em></strong></span> 
     </span>
    </p>
   </div>
   <div class='ocr_carea' id='block_1_9' title="bbox 171 1066 2040 1160">
    <p class='ocr_par' dir='ltr' id='par_1_9' title="bbox 171 1066 2040 1160">
     <span class='ocr_line' id='line_1_14' title="bbox 171 1066 2040 1160; baseline 0.006 -31"><span class='ocrx_word' id='word_1_87' title='bbox 171 1068 218 1124; x_wconf 86' lang='lat' dir='ltr'>C</span> <span class='ocrx_word' id='word_1_88' title='bbox 259 1070 349 1145; x_wconf 82' lang='grc' dir='ltr'><strong>δέ,</strong></span> <span class='ocrx_word' id='word_1_89' title='bbox 417 1066 600 1150; x_wconf 78' lang='grc' dir='ltr'><strong><em>οἶμαι,</em></strong></span> <span class='ocrx_word' id='word_1_90' title='bbox 673 1071 917 1156; x_wconf 76' lang='grc' dir='ltr'><em>ἠσθένει.</em></span> <span class='ocrx_word' id='word_1_91' title='bbox 1003 1080 1133 1137; x_wconf 87' lang='grc' dir='ltr'><strong>ΕΧ.</strong></span> <span class='ocrx_word' id='word_1_92' title='bbox 1182 1074 1346 1146; x_wconf 76' lang='grc' dir='ltr'><strong><em>Ξένοι</em></strong></span> <span class='ocrx_word' id='word_1_93' title='bbox 1377 1078 1440 1138; x_wconf 80' lang='grc' dir='ltr'><strong>δέ</strong></span> <span class='ocrx_word' id='word_1_94' title='bbox 1477 1102 1618 1153; x_wconf 81' lang='grc' dir='ltr'><strong><em>τινες</em></strong></span> <span class='ocrx_word' id='word_1_95' title='bbox 1653 1083 1947 1160; x_wconf 71' lang='grc' dir='ltr'><strong><em>παρῆσανς</em></strong></span> <span class='ocrx_word' id='word_1_96' title='bbox 2030 1131 2040 1136; x_wconf 89' lang='grc'><strong><em>-</em></strong></span> 
     </span>
    </p>
   </div>
   <div class='ocr_carea' id='block_1_10' title="bbox 251 1323 1068 1602">
    <p class='ocr_par' dir='ltr' id='par_1_10' title="bbox 251 1323 1068 1602">
     <span class='ocr_line' id='line_1_15' title="bbox 254 1323 1068 1385; baseline 0.01 -19"><span class='ocrx_word' id='word_1_97' title='bbox 254 1323 456 1381; x_wconf 79' lang='lat' dir='ltr'><strong>Sympos.</strong></span> <span class='ocrx_word' id='word_1_98' title='bbox 504 1341 548 1381; x_wconf 88' lang='lat' dir='ltr'><strong>p.</strong></span> <span class='ocrx_word' id='word_1_99' title='bbox 580 1325 652 1370; x_wconf 88' lang='grc'><strong>41.</strong></span> <span class='ocrx_word' id='word_1_100' title='bbox 719 1327 938 1385; x_wconf 80' lang='lat' dir='ltr'><strong>Lepidum</strong></span> <span class='ocrx_word' id='word_1_101' title='bbox 986 1335 1068 1384; x_wconf 86' lang='lat' dir='ltr'><strong>est,</strong></span> 
     </span>
     <span class='ocr_line' id='line_1_16' title="bbox 252 1383 1065 1435; baseline 0.016 -13"><span class='ocrx_word' id='word_1_102' title='bbox 252 1383 372 1435; x_wconf 82' lang='lat' dir='ltr'><strong>q&#39;u&#39;od</strong></span> <span class='ocrx_word' id='word_1_103' title='bbox 401 1387 554 1426; x_wconf 85' lang='lat' dir='ltr'><strong>narrat</strong></span> <span class='ocrx_word' id='word_1_104' title='bbox 597 1385 761 1429; x_wconf 87' lang='lat' dir='ltr'><strong>Aelia</strong></span> <span class='ocrx_word' id='word_1_105' title='bbox 774 1401 815 1429; x_wconf 91' lang='lat' dir='ltr'><strong>n.</strong></span> <span class='ocrx_word' id='word_1_106' title='bbox 839 1388 904 1429; x_wconf 87' lang='lat' dir='ltr'><strong><em>·V.</em></strong></span> <span class='ocrx_word' id='word_1_107' title='bbox 941 1389 1001 1433; x_wconf 88' lang='lat' dir='ltr'><strong>H.</strong></span> <span class='ocrx_word' id='word_1_108' title='bbox 1028 1389 1065 1435; x_wconf 80' lang='grc' dir='ltr'><em>Ι.</em></span> 
     </span>
     <span class='ocr_line' id='line_1_17' title="bbox 251 1439 1067 1490; baseline 0.01 -10"><span class='ocrx_word' id='word_1_109' title='bbox 251 1439 322 1480; x_wconf 77' lang='grc'><strong>16.</strong></span> <span class='ocrx_word' id='word_1_110' title='bbox 338 1471 352 1490; x_wconf 81' lang='grc'>,</span> <span class='ocrx_word' id='word_1_111' title='bbox 396 1440 598 1490; x_wconf 87' lang='lat' dir='ltr'><strong>attulisse</strong></span> <span class='ocrx_word' id='word_1_112' title='bbox 620 1441 750 1485; x_wconf 90' lang='lat' dir='ltr'><strong>illum</strong></span> <span class='ocrx_word' id='word_1_113' title='bbox 769 1444 1067 1488; x_wconf 72' lang='lat' dir='ltr'><strong>in‘carcerem</strong></span> 
     </span>
     <span class='ocr_line' id='line_1_18' title="bbox 252 1497 1067 1556; baseline 0.01 -18"><span class='ocrx_word' id='word_1_114' title='bbox 252 1497 451 1539; x_wconf 79' lang='lat' dir='ltr'><strong>tunicam</strong></span> <span class='ocrx_word' id='word_1_115' title='bbox 471 1503 515 1539; x_wconf 87' lang='lat' dir='ltr'><strong>et</strong></span> <span class='ocrx_word' id='word_1_116' title='bbox 544 1499 757 1554; x_wconf 85' lang='lat' dir='ltr'><strong>pall-ium,</strong></span> <span class='ocrx_word' id='word_1_117' title='bbox 807 1501 970 1556; x_wconf 83' lang='lat' dir='ltr'><strong>quibus</strong></span> <span class='ocrx_word' id='word_1_118' title='bbox 994 1517 1067 1545; x_wconf 90' lang='lat' dir='ltr'><strong>or-</strong></span> 
     </span>
     <span class='ocr_line' id='line_1_19' title="bbox 251 1554 893 1602; baseline 0.011 -7"><span class='ocrx_word' id='word_1_119' title='bbox 251 1558 381 1597; x_wconf 87' lang='lat' dir='ltr'><strong>natus</strong></span> <span class='ocrx_word' id='word_1_120' title='bbox 402 1554 606 1598; x_wconf 75' lang='lat' dir='ltr'><strong>Socrates</strong></span> <span class='ocrx_word' id='word_1_121' title='bbox 631 1563 893 1602; x_wconf 86' lang='lat' dir='ltr'><strong>moreretur.</strong></span> 
     </span>
    </p>
   </div>
   <div class='ocr_carea' id='block_1_11' title="bbox 239 1651 1066 2457">
    <p class='ocr_par' dir='ltr' id='par_1_11' title="bbox 239 1651 1066 2457">
     <span class='ocr_line' id='line_1_20' title="bbox 254 1651 1066 1719; baseline 0.004 -22"><span class='ocrx_word' id='word_1_122' title='bbox 254 1652 370 1719; x_wconf 51' lang='grc' dir='ltr'><strong>«Β.</strong></span> <span class='ocrx_word' id='word_1_123' title='bbox 418 1651 498 1698; x_wconf 81' lang='grc' dir='ltr'><strong>καὶ</strong></span> <span class='ocrx_word' id='word_1_124' title='bbox 521 1651 837 1713; x_wconf 79' lang='grc' dir='ltr'><strong><em>Κριτόβουλος</em></strong></span> <span class='ocrx_word' id='word_1_125' title='bbox 860 1659 920 1710; x_wconf 81' lang='lat' dir='ltr'><strong>-J</strong></span> <span class='ocrx_word' id='word_1_126' title='bbox 964 1657 1066 1700; x_wconf 89' lang='lat' dir='ltr'><strong>Cri-</strong></span> 
     </span>
     <span class='ocr_line' id='line_1_21' title="bbox 249 1711 1062 1771; baseline 0.009 -20"><span class='ocrx_word' id='word_1_127' title='bbox 249 1711 372 1762; x_wconf 76' lang='lat' dir='ltr'><strong>tom,</strong></span> <span class='ocrx_word' id='word_1_128' title='bbox 417 1711 485 1752; x_wconf 65' lang='lat' dir='ltr'><strong>de</strong></span> <span class='ocrx_word' id='word_1_129' title='bbox 523 1726 622 1766; x_wconf 44' lang='lat' dir='ltr'><strong>quo.</strong></span> <span class='ocrx_word' id='word_1_130' title='bbox 650 1712 707 1756; x_wconf 86' lang='lat' dir='ltr'><strong>ad</strong></span> <span class='ocrx_word' id='word_1_131' title='bbox 750 1713 1062 1771; x_wconf 82' lang='lat' dir='ltr'><strong>cognominem</strong></span> 
     </span>
     <span class='ocr_line' id='line_1_22' title="bbox 246 1766 1062 1826; baseline 0.007 -18"><span class='ocrx_word' id='word_1_132' title='bbox 246 1766 482 1824; x_wconf 76' lang='lat' dir='ltr'><strong>dialogum</strong></span> <span class='ocrx_word' id='word_1_133' title='bbox 522 1769 690 1811; x_wconf 85' lang='lat' dir='ltr'><strong>dictum</strong></span> <span class='ocrx_word' id='word_1_134' title='bbox 733 1777 821 1822; x_wconf 88' lang='lat' dir='ltr'><strong>est,</strong></span> <span class='ocrx_word' id='word_1_135' title='bbox 871 1777 1062 1826; x_wconf 90' lang='lat' dir='ltr'><strong>quatuor</strong></span> 
     </span>
     <span class='ocr_line' id='line_1_23' title="bbox 246 1822 1061 1881; baseline 0.007 -16"><span class='ocrx_word' id='word_1_136' title='bbox 246 1822 454 1869; x_wconf 77' lang='lat' dir='ltr'><strong>(licuntur</strong></span> <span class='ocrx_word' id='word_1_137' title='bbox 479 1826 614 1869; x_wconf 76' lang='lat' dir='ltr'><strong>fuisse</strong></span> <span class='ocrx_word' id='word_1_138' title='bbox 631 1826 741 1880; x_wconf 87' lang='lat' dir='ltr'><strong>filii,</strong></span> <span class='ocrx_word' id='word_1_139' title='bbox 786 1827 1061 1881; x_wconf 81' lang='lat' dir='ltr'><strong>Critobulus,</strong></span> 
     </span>
     <span class='ocr_line' id='line_1_24' title="bbox 244 1881 1061 1941; baseline 0.006 -18"><span class='ocrx_word' id='word_1_140' title='bbox 244 1881 576 1939; x_wconf 77' lang='lat' dir='ltr'><strong>Hermogenes,</strong></span> <span class='ocrx_word' id='word_1_141' title='bbox 605 1884 853 1940; x_wconf 81' lang='lat' dir='ltr'><strong>Epigenes,</strong></span> <span class='ocrx_word' id='word_1_142' title='bbox 887 1885 1061 1941; x_wconf 85' lang='lat' dir='ltr'><strong>Ctesip-</strong></span> 
     </span>
     <span class='ocr_line' id='line_1_25' title="bbox 244 1941 1062 1995; baseline 0.005 -14"><span class='ocrx_word' id='word_1_143' title='bbox 244 1952 342 1995; x_wconf 84' lang='lat' dir='ltr'><strong>pus.</strong></span> <span class='ocrx_word' id='word_1_144' title='bbox 366 1954 412 1983; x_wconf 82' lang='lat' dir='ltr'><strong><em>v.</em></strong></span> <span class='ocrx_word' id='word_1_145' title='bbox 436 1942 620 1984; x_wconf 85' lang='lat' dir='ltr'><strong>Lacrt.</strong></span> <span class='ocrx_word' id='word_1_146' title='bbox 643 1942 700 1985; x_wconf 89' lang='lat'><strong>11.</strong></span> <span class='ocrx_word' id='word_1_147' title='bbox 717 1941 822 1986; x_wconf 69' lang='grc'><em>121.</em></span> <span class='ocrx_word' id='word_1_148' title='bbox 843 1941 929 1985; x_wconf 84' lang='lat' dir='ltr'><strong>Sed</strong></span> <span class='ocrx_word' id='word_1_149' title='bbox 941 1944 1062 1986; x_wconf 87' lang='lat' dir='ltr'><strong>Her-</strong></span> 
     </span>
     <span class='ocr_line' id='line_1_26' title="bbox 241 2009 1059 2121; baseline 0.005 -26"><span class='ocrx_word' id='word_1_150' title='bbox 241 2009 603 2121; x_wconf 51' lang='lat' dir='ltr'><strong>zligggiesiuisse</strong></span> <span class='ocrx_word' id='word_1_151' title='bbox 646 2055 766 2098; x_wconf 87' lang='lat' dir='ltr'><strong>filius</strong></span> <span class='ocrx_word' id='word_1_152' title='bbox 801 2056 1059 2112; x_wconf 83' lang='lat' dir='ltr'><strong>Hipponici‚</strong></span> 
     </span>
     <span class='ocr_line' id='line_1_27' title="bbox 242 2110 1056 2170; baseline 0.005 -17"><span class='ocrx_word' id='word_1_153' title='bbox 242 2110 417 2154; x_wconf 73' lang='lat' dir='ltr'><strong>Galliae</strong></span> <span class='ocrx_word' id='word_1_154' title='bbox 433 2113 592 2168; x_wconf 74' lang='lat' dir='ltr'><strong>frater,</strong></span> <span class='ocrx_word' id='word_1_155' title='bbox 628 2113 683 2155; x_wconf 83' lang='lat' dir='ltr'><strong>de</strong></span> <span class='ocrx_word' id='word_1_156' title='bbox 706 2127 795 2170; x_wconf 87' lang='lat' dir='ltr'><strong>quo</strong></span> <span class='ocrx_word' id='word_1_157' title='bbox 815 2128 858 2157; x_wconf 83' lang='lat' dir='ltr'><strong><em>v.</em></strong></span> <span class='ocrx_word' id='word_1_158' title='bbox 880 2115 1056 2157; x_wconf 84' lang='lat' dir='ltr'><strong>Hein-</strong></span> 
     </span>
     <span class='ocr_line' id='line_1_28' title="bbox 244 2168 1056 2227; baseline 0.004 -16"><span class='ocrx_word' id='word_1_159' title='bbox 244 2168 384 2214; x_wconf 69' lang='lat' dir='ltr'><strong>dorf.</strong></span> <span class='ocrx_word' id='word_1_160' title='bbox 422 2171 479 2213; x_wconf 87' lang='lat' dir='ltr'><strong>ad</strong></span> <span class='ocrx_word' id='word_1_161' title='bbox 517 2171 682 2227; x_wconf 83' lang='lat' dir='ltr'><strong>Cratyl.</strong></span> <span class='ocrx_word' id='word_1_162' title='bbox 719 2175 760 2224; x_wconf 67' lang='grc' dir='ltr'><em>ς.</em></span> <span class='ocrx_word' id='word_1_163' title='bbox 795 2169 846 2214; x_wconf 67' lang='lat'><strong><em>3.</em></strong></span> <span class='ocrx_word' id='word_1_164' title='bbox 868 2175 921 2214; x_wconf 83' lang='lat' dir='ltr'><strong>et.</strong></span> <span class='ocrx_word' id='word_1_165' title='bbox 941 2186 1056 2227; x_wconf 87' lang='lat' dir='ltr'><strong>quae</strong></span> 
     </span>
     <span class='ocr_line' id='line_1_29' title="bbox 242 2226 1057 2282; baseline 0.005 -15"><span class='ocrx_word' id='word_1_166' title='bbox 242 2226 490 2282; x_wconf 84' lang='lat' dir='ltr'><strong>disputavit</strong></span> <span class='ocrx_word' id='word_1_167' title='bbox 514 2228 546 2270; x_wconf 90' lang='lat' dir='ltr'>S</span> <span class='ocrx_word' id='word_1_168' title='bbox 562 2228 849 2271; x_wconf 79' lang='lat' dir='ltr'><strong>ehneider.</strong></span> <span class='ocrx_word' id='word_1_169' title='bbox 886 2229 943 2271; x_wconf 84' lang='lat' dir='ltr'><strong>ad</strong></span> <span class='ocrx_word' id='word_1_170' title='bbox 968 2229 1057 2271; x_wconf 86' lang='lat' dir='ltr'><strong>Xe-</strong></span> 
     </span>
     <span class='ocr_line' id='line_1_30' title="bbox 245 2284 1055 2342; baseline 0.002 -16"><span class='ocrx_word' id='word_1_171' title='bbox 245 2284 381 2340; x_wconf 82' lang='lat' dir='ltr'><strong>noph.</strong></span> <span class='ocrx_word' id='word_1_172' title='bbox 407 2285 596 2328; x_wconf 82' lang='lat' dir='ltr'><strong>Memor.</strong></span> <span class='ocrx_word' id='word_1_173' title='bbox 617 2286 689 2328; x_wconf 86' lang='lat' dir='ltr'><strong>lv.</strong></span> <span class='ocrx_word' id='word_1_174' title='bbox 711 2284 754 2337; x_wconf 91' lang='grc'><strong>8,</strong></span> <span class='ocrx_word' id='word_1_175' title='bbox 776 2285 817 2328; x_wconf 89' lang='lat'><strong>4.</strong></span> <span class='ocrx_word' id='word_1_176' title='bbox 845 2286 902 2328; x_wconf 79' lang='lat' dir='ltr'><strong>ad</strong></span> <span class='ocrx_word' id='word_1_177' title='bbox 924 2285 1055 2342; x_wconf 83' lang='lat' dir='ltr'><strong>Sym-</strong></span> 
     </span>
     <span class='ocr_line' id='line_1_31' title="bbox 239 2342 1054 2399; baseline 0.002 -15"><span class='ocrx_word' id='word_1_178' title='bbox 239 2358 337 2399; x_wconf 75' lang='lat' dir='ltr'><strong>pos.</strong></span> <span class='ocrx_word' id='word_1_179' title='bbox 377 2344 414 2388; x_wconf 89' lang='lat'><strong><em>1.</em></strong></span> <span class='ocrx_word' id='word_1_180' title='bbox 453 2343 496 2387; x_wconf 79' lang='lat'><strong>3.</strong></span> <span class='ocrx_word' id='word_1_181' title='bbox 562 2344 616 2385; x_wconf 74' lang='lat' dir='ltr'><strong>cf.</strong></span> <span class='ocrx_word' id='word_1_182' title='bbox 667 2342 803 2386; x_wconf 87' lang='lat' dir='ltr'><strong>etiam</strong></span> <span class='ocrx_word' id='word_1_183' title='bbox 856 2343 960 2385; x_wconf 88' lang='lat' dir='ltr'><strong>Pro</strong></span> <span class='ocrx_word' id='word_1_184' title='bbox 974 2343 1054 2386; x_wconf 90' lang='lat' dir='ltr'><strong>cli</strong></span> 
     </span>
     <span class='ocr_line' id='line_1_32' title="bbox 240 2399 1052 2457; baseline -0.001 -14"><span class='ocrx_word' id='word_1_185' title='bbox 240 2401 399 2445; x_wconf 78' lang='lat' dir='ltr'><strong>Sclnol.</strong></span> <span class='ocrx_word' id='word_1_186' title='bbox 426 2400 472 2443; x_wconf 88' lang='lat' dir='ltr'><strong>in</strong></span> <span class='ocrx_word' id='word_1_187' title='bbox 495 2401 661 2457; x_wconf 81' lang='lat' dir='ltr'><strong>Cratyl.</strong></span> <span class='ocrx_word' id='word_1_188' title='bbox 691 2415 731 2455; x_wconf 88' lang='lat' dir='ltr'><strong>p.</strong></span> <span class='ocrx_word' id='word_1_189' title='bbox 754 2399 822 2441; x_wconf 93' lang='grc'><strong>10.</strong></span> <span class='ocrx_word' id='word_1_190' title='bbox 843 2400 911 2442; x_wconf 87' lang='lat' dir='ltr'><strong>ed.</strong></span> <span class='ocrx_word' id='word_1_191' title='bbox 932 2400 1052 2456; x_wconf 85' lang='lat' dir='ltr'><strong>Lips.</strong></span> 
     </span>
    </p>
   </div>
   <div class='ocr_carea' id='block_1_12' title="bbox 241 2456 1098 2516">
    <p class='ocr_par' dir='ltr' id='par_1_12' title="bbox 241 2456 1098 2516">
     <span class='ocr_line' id='line_1_33' title="bbox 241 2456 1098 2516; baseline -0.001 -13"><span class='ocrx_word' id='word_1_192' title='bbox 241 2458 397 2513; x_wconf 71' lang='lat' dir='ltr'><strong>Neque</strong></span> <span class='ocrx_word' id='word_1_193' title='bbox 421 2458 644 2516; x_wconf 81' lang='lat' dir='ltr'><strong>Epigenes</strong></span> <span class='ocrx_word' id='word_1_194' title='bbox 665 2456 934 2514; x_wconf 83' lang='lat' dir='ltr'><strong>intelligitur</strong></span> <span class='ocrx_word' id='word_1_195' title='bbox 955 2457 1056 2500; x_wconf 77' lang='lat' dir='ltr'><strong>cri·</strong></span> <span class='ocrx_word' id='word_1_196' title='bbox 1084 2488 1098 2502; x_wconf 77' lang='lat'><strong><em>.-</em></strong></span> 
     </span>
    </p>
   </div>
   <div class='ocr_carea' id='block_1_13' title="bbox 235 2515 1056 3029">
    <p class='ocr_par' dir='ltr' id='par_1_13' title="bbox 235 2515 1056 3029">
     <span class='ocr_line' id='line_1_34' title="bbox 241 2515 1054 2568; baseline 0 -12"><span class='ocrx_word' id='word_1_197' title='bbox 241 2515 534 2568; x_wconf 72' lang='lat' dir='ltr'><strong>tonis-filius,</strong></span> <span class='ocrx_word' id='word_1_198' title='bbox 591 2515 666 2558; x_wconf 85' lang='lat' dir='ltr'><strong>sed</strong></span> <span class='ocrx_word' id='word_1_199' title='bbox 701 2515 779 2558; x_wconf 90' lang='lat' dir='ltr'><strong>ille</strong></span> <span class='ocrx_word' id='word_1_200' title='bbox 811 2515 933 2557; x_wconf 86' lang='lat' dir='ltr'><strong>haud</strong></span> <span class='ocrx_word' id='word_1_201' title='bbox 957 2515 1054 2556; x_wconf 90' lang='lat' dir='ltr'><strong>.du-</strong></span> 
     </span>
     <span class='ocr_line' id='line_1_35' title="bbox 238 2572 1051 2628; baseline -0.001 -14"><span class='ocrx_word' id='word_1_202' title='bbox 238 2573 342 2625; x_wconf 83' lang='lat' dir='ltr'><strong>bie,</strong></span> <span class='ocrx_word' id='word_1_203' title='bbox 373 2572 451 2628; x_wconf 88' lang='lat' dir='ltr'><strong>qui</strong></span> <span class='ocrx_word' id='word_1_204' title='bbox 470 2575 840 2616; x_wconf 80' lang='lat' dir='ltr'><strong>commemoratur</strong></span> <span class='ocrx_word' id='word_1_205' title='bbox 862 2572 1051 2628; x_wconf 84' lang='lat' dir='ltr'><strong>Apolog.</strong></span> 
     </span>
     <span class='ocr_line' id='line_1_36' title="bbox 239 2629 1053 2686; baseline -0.002 -14"><span class='ocrx_word' id='word_1_206' title='bbox 239 2629 410 2672; x_wconf 73' lang='lat' dir='ltr'><strong>socrat.</strong></span> <span class='ocrx_word' id='word_1_207' title='bbox 447 2645 490 2686; x_wconf 89' lang='lat' dir='ltr'><strong>p.</strong></span> <span class='ocrx_word' id='word_1_208' title='bbox 510 2630 581 2673; x_wconf 81' lang='lat'><strong><em>33.</em></strong></span> <span class='ocrx_word' id='word_1_209' title='bbox 620 2632 672 2673; x_wconf 89' lang='grc' dir='ltr'><strong>Ε.</strong></span> <span class='ocrx_word' id='word_1_210' title='bbox 715 2633 760 2672; x_wconf 89' lang='lat' dir='ltr'><strong>et</strong></span> <span class='ocrx_word' id='word_1_211' title='bbox 797 2629 1053 2684; x_wconf 87' lang='lat' dir='ltr'><strong>Xenoph.</strong></span> 
     </span>
     <span class='ocr_line' id='line_1_37' title="bbox 239 2686 1056 2742; baseline 0 -14"><span class='ocrx_word' id='word_1_212' title='bbox 239 2687 378 2728; x_wconf 85' lang='lat' dir='ltr'><strong>Mem.</strong></span> <span class='ocrx_word' id='word_1_213' title='bbox 400 2687 482 2731; x_wconf 86' lang='lat'><strong><em>111.</em></strong></span> <span class='ocrx_word' id='word_1_214' title='bbox 515 2688 587 2740; x_wconf 91' lang='grc'><strong>12,</strong></span> <span class='ocrx_word' id='word_1_215' title='bbox 621 2687 662 2730; x_wconf 89' lang='grc'><strong>2.</strong></span> <span class='ocrx_word' id='word_1_216' title='bbox 704 2693 749 2729; x_wconf 89' lang='lat' dir='ltr'><strong>et</strong></span> <span class='ocrx_word' id='word_1_217' title='bbox 780 2686 906 2729; x_wconf 83' lang='lat' dir='ltr'><strong>cuius</strong></span> <span class='ocrx_word' id='word_1_218' title='bbox 931 2692 1056 2742; x_wconf 89' lang='lat' dir='ltr'><strong>pater</strong></span> 
     </span>
     <span class='ocr_line' id='line_1_38' title="bbox 239 2744 1054 2800; baseline -0.002 -13"><span class='ocrx_word' id='word_1_219' title='bbox 239 2744 326 2789; x_wconf 70' lang='lat' dir='ltr'><strong>fuit</strong></span> <span class='ocrx_word' id='word_1_220' title='bbox 342 2745 566 2799; x_wconf 83' lang='lat' dir='ltr'><strong>Antiphon</strong></span> <span class='ocrx_word' id='word_1_221' title='bbox 587 2744 896 2800; x_wconf 87' lang='lat' dir='ltr'><strong>Cephisiensis.</strong></span> <span class='ocrx_word' id='word_1_222' title='bbox 918 2766 954 2781; x_wconf 60' lang='grc'><strong>,-</strong></span> <span class='ocrx_word' id='word_1_223' title='bbox 985 2744 1054 2786; x_wconf 90' lang='lat' dir='ltr'><strong>De</strong></span> 
     </span>
     <span class='ocr_line' id='line_1_39' title="bbox 239 2800 1051 2857; baseline -0.001 -12"><span class='ocrx_word' id='word_1_224' title='bbox 239 2802 459 2845; x_wconf 73' lang='lat' dir='ltr'><strong>Aeschine</strong></span> <span class='ocrx_word' id='word_1_225' title='bbox 478 2802 704 2844; x_wconf 86' lang='lat' dir='ltr'><strong>Socratico</strong></span> <span class='ocrx_word' id='word_1_226' title='bbox 742 2815 785 2845; x_wconf 87' lang='lat' dir='ltr'><strong><em>v.</em></strong></span> <span class='ocrx_word' id='word_1_227' title='bbox 820 2800 1051 2857; x_wconf 85' lang='lat' dir='ltr'><strong>Diogen.</strong></span> 
     </span>
     <span class='ocr_line' id='line_1_40' title="bbox 235 2857 1055 2903; baseline -0.005 -1"><span class='ocrx_word' id='word_1_228' title='bbox 235 2861 425 2903; x_wconf 64' lang='lat' dir='ltr'><strong>baert.</strong></span> <span class='ocrx_word' id='word_1_229' title='bbox 456 2859 514 2901; x_wconf 91' lang='lat'><strong>11.</strong></span> <span class='ocrx_word' id='word_1_230' title='bbox 533 2858 719 2902; x_wconf 79' lang='lat'><strong><em>60-64.</em></strong></span> <span class='ocrx_word' id='word_1_231' title='bbox 755 2881 786 2891; x_wconf 94' lang='lat'>-</span> <span class='ocrx_word' id='word_1_232' title='bbox 827 2857 1055 2902; x_wconf 80' lang='lat' dir='ltr'><strong>Antisthe-</strong></span> 
     </span>
     <span class='ocr_line' id='line_1_41' title="bbox 238 2914 1051 2971; baseline -0.002 -12"><span class='ocrx_word' id='word_1_233' title='bbox 238 2931 346 2959; x_wconf 88' lang='lat' dir='ltr'><strong>nem</strong></span> <span class='ocrx_word' id='word_1_234' title='bbox 384 2920 554 2959; x_wconf 83' lang='lat' dir='ltr'><strong>constat</strong></span> <span class='ocrx_word' id='word_1_235' title='bbox 601 2915 820 2971; x_wconf 85' lang='lat' dir='ltr'><strong>imprimis</strong></span> <span class='ocrx_word' id='word_1_236' title='bbox 837 2914 1051 2958; x_wconf 59' lang='lat' dir='ltr'><strong>JSocratis</strong></span> 
     </span>
     <span class='ocr_line' id='line_1_42' title="bbox 236 2971 1051 3029; baseline -0.002 -13"><span class='ocrx_word' id='word_1_237' title='bbox 236 2973 522 3016; x_wconf 77' lang='lat' dir='ltr'><strong>tolerantiam</strong></span> <span class='ocrx_word' id='word_1_238' title='bbox 575 2978 619 3015; x_wconf 85' lang='lat' dir='ltr'><strong>et</strong></span> <span class='ocrx_word' id='word_1_239' title='bbox 671 2971 909 3029; x_wconf 81' lang='lat' dir='ltr'><strong>voluptatis</strong></span> <span class='ocrx_word' id='word_1_240' title='bbox 946 2986 1051 3014; x_wconf 89' lang='lat' dir='ltr'><strong>con-</strong></span> 
     </span>
    </p>
   </div>
   <div class='ocr_carea' id='block_1_14' title="bbox 215 3030 1090 3084">
    <p class='ocr_par' dir='ltr' id='par_1_14' title="bbox 215 3030 1090 3084">
     <span class='ocr_line' id='line_1_43' title="bbox 215 3030 1090 3084; baseline -0.005 -10"><span class='ocrx_word' id='word_1_241' title='bbox 215 3037 425 3075; x_wconf 84' lang='lat' dir='ltr'><strong>.temtum</strong></span> <span class='ocrx_word' id='word_1_242' title='bbox 457 3030 681 3073; x_wconf 85' lang='lat' dir='ltr'><strong>imitatum</strong></span> <span class='ocrx_word' id='word_1_243' title='bbox 716 3045 814 3072; x_wconf 85' lang='lat' dir='ltr'><strong>esse</strong></span> <span class='ocrx_word' id='word_1_244' title='bbox 853 3030 1052 3084; x_wconf 86' lang='lat' dir='ltr'><strong>adeoque</strong></span> <span class='ocrx_word' id='word_1_245' title='bbox 1078 3058 1090 3070; x_wconf 83' lang='grc'><em>,</em></span> 
     </span>
    </p>
   </div>
   <div class='ocr_carea' id='block_1_15' title="bbox 225 3085 1052 3427">
    <p class='ocr_par' dir='ltr' id='par_1_15' title="bbox 225 3085 1052 3427">
     <span class='ocr_line' id='line_1_44' title="bbox 230 3085 1052 3142; baseline -0.002 -12"><span class='ocrx_word' id='word_1_246' title='bbox 230 3090 384 3131; x_wconf 55' lang='lat' dir='ltr'><strong>‘sectae</strong></span> <span class='ocrx_word' id='word_1_247' title='bbox 425 3087 618 3142; x_wconf 81' lang='lat' dir='ltr'><strong>Cynicae</strong></span> <span class='ocrx_word' id='word_1_248' title='bbox 653 3092 881 3131; x_wconf 81' lang='lat' dir='ltr'><strong>auctorem</strong></span> <span class='ocrx_word' id='word_1_249' title='bbox 917 3085 1052 3128; x_wconf 82' lang='lat' dir='ltr'><strong>exsti-</strong></span> 
     </span>
     <span class='ocr_line' id='line_1_45' title="bbox 237 3142 1047 3188; baseline -0.004 -1"><span class='ocrx_word' id='word_1_250' title='bbox 237 3145 359 3188; x_wconf 83' lang='lat' dir='ltr'><strong>tisse.</strong></span> <span class='ocrx_word' id='word_1_251' title='bbox 429 3145 499 3187; x_wconf 88' lang='lat' dir='ltr'><strong>De</strong></span> <span class='ocrx_word' id='word_1_252' title='bbox 548 3159 601 3187; x_wconf 89' lang='lat' dir='ltr'><strong>eo</strong></span> <span class='ocrx_word' id='word_1_253' title='bbox 651 3160 693 3188; x_wconf 88' lang='lat' dir='ltr'><strong><em>v.</em></strong></span> <span class='ocrx_word' id='word_1_254' title='bbox 741 3143 933 3187; x_wconf 85' lang='lat' dir='ltr'><strong>Laert.</strong></span> <span class='ocrx_word' id='word_1_255' title='bbox 973 3142 1047 3185; x_wconf 83' lang='lat' dir='ltr'><strong>v1.</strong></span> 
     </span>
     <span class='ocr_line' id='line_1_46' title="bbox 239 3198 1045 3246; baseline -0.002 -2"><span class='ocrx_word' id='word_1_256' title='bbox 239 3200 390 3244; x_wconf 77' lang='lat'><strong><em>1-19.</em></strong></span> <span class='ocrx_word' id='word_1_257' title='bbox 431 3201 647 3244; x_wconf 86' lang='lat' dir='ltr'><strong>Aelian.</strong></span> <span class='ocrx_word' id='word_1_258' title='bbox 678 3202 728 3244; x_wconf 90' lang='lat' dir='ltr'><strong>V.</strong></span> <span class='ocrx_word' id='word_1_259' title='bbox 760 3202 821 3243; x_wconf 87' lang='lat' dir='ltr'><strong><em>H.</em></strong></span> <span class='ocrx_word' id='word_1_260' title='bbox 852 3201 931 3246; x_wconf 78' lang='lat' dir='ltr'><strong>lx,</strong></span> <span class='ocrx_word' id='word_1_261' title='bbox 973 3198 1045 3243; x_wconf 78' lang='lat'><strong><em>35.</em></strong></span> 
     </span>
     <span class='ocr_line' id='line_1_47' title="bbox 237 3257 1045 3314; baseline -0.006 -12"><span class='ocrx_word' id='word_1_262' title='bbox 237 3259 295 3302; x_wconf 80' lang='lat' dir='ltr'><strong>al.</strong></span> <span class='ocrx_word' id='word_1_263' title='bbox 319 3282 348 3292; x_wconf 88' lang='lat'>-</span> <span class='ocrx_word' id='word_1_264' title='bbox 376 3258 608 3314; x_wconf 85' lang='lat' dir='ltr'><strong>Ctesippus</strong></span> <span class='ocrx_word' id='word_1_265' title='bbox 624 3257 923 3309; x_wconf 67' lang='lat' dir='ltr'><strong>Pamniensis,</strong></span> <span class='ocrx_word' id='word_1_266' title='bbox 949 3257 994 3301; x_wconf 87' lang='lat' dir='ltr'><strong>h.</strong></span> <span class='ocrx_word' id='word_1_267' title='bbox 1006 3271 1045 3299; x_wconf 89' lang='lat' dir='ltr'><strong>e.</strong></span> 
     </span>
     <span class='ocr_line' id='line_1_48' title="bbox 225 3312 1046 3374; baseline -0.001 -16"><span class='ocrx_word' id='word_1_268' title='bbox 225 3330 307 3358; x_wconf 58' lang='lat' dir='ltr'><strong>‘ext</strong></span> <span class='ocrx_word' id='word_1_269' title='bbox 334 3317 544 3374; x_wconf 79' lang='grc' dir='ltr'><strong><em>Παιανιᾷ</em></strong></span> <span class='ocrx_word' id='word_1_270' title='bbox 573 3312 704 3373; x_wconf 78' lang='grc' dir='ltr'>δήμῳ</span> <span class='ocrx_word' id='word_1_271' title='bbox 729 3316 813 3371; x_wconf 84' lang='grc' dir='ltr'><strong>τῆς</strong></span> <span class='ocrx_word' id='word_1_272' title='bbox 842 3314 1046 3358; x_wconf 87' lang='grc' dir='ltr'><strong><em>Πανδιο-</em></strong></span> 
     </span>
     <span class='ocr_line' id='line_1_49' title="bbox 237 3372 1048 3427; baseline -0.004 -11"><span class='ocrx_word' id='word_1_273' title='bbox 237 3372 365 3422; x_wconf 78' lang='grc' dir='ltr'><strong><em>νίδος</em></strong></span> <span class='ocrx_word' id='word_1_274' title='bbox 391 3374 541 3427; x_wconf 82' lang='grc' dir='ltr'><strong><em>φυλῆς</em></strong></span> <span class='ocrx_word' id='word_1_275' title='bbox 560 3373 792 3425; x_wconf 84' lang='lat' dir='ltr'><strong>oriundus,</strong></span> <span class='ocrx_word' id='word_1_276' title='bbox 829 3377 958 3415; x_wconf 85' lang='lat' dir='ltr'><strong>notus</strong></span> <span class='ocrx_word' id='word_1_277' title='bbox 982 3376 1048 3413; x_wconf 84' lang='lat' dir='ltr'><strong>est</strong></span> 
     </span>
    </p>
   </div>
   <div class='ocr_carea' id='block_1_16' title="bbox 225 3428 1046 3489">
    <p class='ocr_par' dir='ltr' id='par_1_16' title="bbox 225 3428 1046 3489">
     <span class='ocr_line' id='line_1_50' title="bbox 225 3428 1046 3489; baseline -0.001 -13"><span class='ocrx_word' id='word_1_278' title='bbox 225 3435 290 3476; x_wconf 65' lang='lat' dir='ltr'><strong>-ex</strong></span> <span class='ocrx_word' id='word_1_279' title='bbox 314 3430 578 3489; x_wconf 69' lang='lat' dir='ltr'><strong>Euthydem.</strong></span> <span class='ocrx_word' id='word_1_280' title='bbox 606 3445 648 3489; x_wconf 88' lang='lat' dir='ltr'><strong>p.</strong></span> <span class='ocrx_word' id='word_1_281' title='bbox 670 3428 772 3475; x_wconf 71' lang='lat'><strong><em>273.</em></strong></span> <span class='ocrx_word' id='word_1_282' title='bbox 801 3430 853 3476; x_wconf 73' lang='lat' dir='ltr'><strong><em>A.</em></strong></span> <span class='ocrx_word' id='word_1_283' title='bbox 885 3434 929 3475; x_wconf 72' lang='lat' dir='ltr'><strong>et</strong></span> <span class='ocrx_word' id='word_1_284' title='bbox 958 3429 1046 3487; x_wconf 81' lang='lat' dir='ltr'><strong>Ly-</strong></span> 
     </span>
    </p>
   </div>
   <div class='ocr_carea' id='block_1_17' title="bbox 523 1998 1107 2053">
    <p class='ocr_par' dir='ltr' id='par_1_17' title="bbox 523 1998 1107 2053">
     <span class='ocr_line' id='line_1_51' title="bbox 523 1998 1107 2053; baseline 0.005 -13"><span class='ocrx_word' id='word_1_285' title='bbox 523 1998 602 2053; x_wconf 87' lang='lat' dir='ltr'><strong>qui</strong></span> <span class='ocrx_word' id='word_1_286' title='bbox 632 1998 734 2042; x_wconf 88' lang='lat' dir='ltr'><strong><em>h.1.</em></strong></span> <span class='ocrx_word' id='word_1_287' title='bbox 770 2005 1060 2053; x_wconf 85' lang='lat' dir='ltr'><strong>memoratur,</strong></span> <span class='ocrx_word' id='word_1_288' title='bbox 1101 2039 1107 2047; x_wconf 86' lang='grc'>,</span> 
     </span>
    </p>
   </div>
   <div class='ocr_carea' id='block_1_18' title="bbox 1123 1329 1946 1946">
    <p class='ocr_par' dir='ltr' id='par_1_18' title="bbox 1123 1329 1946 1946">
     <span class='ocr_line' id='line_1_52' title="bbox 1133 1329 1946 1386; baseline 0.004 -14"><span class='ocrx_word' id='word_1_289' title='bbox 1133 1329 1214 1372; x_wconf 79' lang='lat' dir='ltr'><strong>sid.</strong></span> <span class='ocrx_word' id='word_1_290' title='bbox 1240 1346 1281 1386; x_wconf 89' lang='lat' dir='ltr'><strong>p.</strong></span> <span class='ocrx_word' id='word_1_291' title='bbox 1301 1329 1400 1374; x_wconf 81' lang='grc'><em>206.</em></span> <span class='ocrx_word' id='word_1_292' title='bbox 1420 1330 1473 1374; x_wconf 89' lang='grc' dir='ltr'><em>Β.</em></span> <span class='ocrx_word' id='word_1_293' title='bbox 1495 1345 1588 1386; x_wconf 86' lang='lat' dir='ltr'><strong>sqq.</strong></span> <span class='ocrx_word' id='word_1_294' title='bbox 1617 1355 1647 1365; x_wconf 93' lang='lat'>-</span> <span class='ocrx_word' id='word_1_295' title='bbox 1674 1330 1946 1375; x_wconf 82' lang='lat' dir='ltr'><strong>Menexenus</strong></span> 
     </span>
     <span class='ocr_line' id='line_1_53' title="bbox 1132 1387 1943 1445; baseline 0.002 -16"><span class='ocrx_word' id='word_1_296' title='bbox 1132 1387 1395 1431; x_wconf 81' lang='lat' dir='ltr'><strong>nobilitatus</strong></span> <span class='ocrx_word' id='word_1_297' title='bbox 1433 1393 1500 1432; x_wconf 84' lang='lat' dir='ltr'><strong>est</strong></span> <span class='ocrx_word' id='word_1_298' title='bbox 1529 1388 1648 1441; x_wconf 79' lang='lat' dir='ltr'><strong>libro</strong></span> <span class='ocrx_word' id='word_1_299' title='bbox 1677 1389 1943 1445; x_wconf 85' lang='lat' dir='ltr'><strong>cognomine</strong></span> 
     </span>
     <span class='ocr_line' id='line_1_54' title="bbox 1134 1446 1941 1502; baseline 0.001 -15"><span class='ocrx_word' id='word_1_300' title='bbox 1134 1446 1391 1497; x_wconf 88' lang='lat' dir='ltr'><strong>aPlatone‚</strong></span> <span class='ocrx_word' id='word_1_301' title='bbox 1435 1450 1486 1487; x_wconf 89' lang='lat' dir='ltr'><strong>ut</strong></span> <span class='ocrx_word' id='word_1_302' title='bbox 1516 1446 1721 1497; x_wconf 85' lang='lat' dir='ltr'><strong>videtur,</strong></span> <span class='ocrx_word' id='word_1_303' title='bbox 1760 1446 1941 1502; x_wconf 88' lang='lat' dir='ltr'><strong>scripto.</strong></span> 
     </span>
     <span class='ocr_line' id='line_1_55' title="bbox 1131 1502 1941 1559; baseline 0 -14"><span class='ocrx_word' id='word_1_304' title='bbox 1131 1502 1271 1545; x_wconf 84' lang='lat' dir='ltr'><strong>Natus</strong></span> <span class='ocrx_word' id='word_1_305' title='bbox 1300 1517 1325 1545; x_wconf 95' lang='lat' dir='ltr'><strong>e</strong></span> <span class='ocrx_word' id='word_1_306' title='bbox 1349 1507 1481 1559; x_wconf 80' lang='lat' dir='ltr'><strong>gente</strong></span> <span class='ocrx_word' id='word_1_307' title='bbox 1507 1502 1786 1545; x_wconf 85' lang='lat' dir='ltr'><strong>nobilissima</strong></span> <span class='ocrx_word' id='word_1_308' title='bbox 1819 1503 1941 1556; x_wconf 80' lang='lat' dir='ltr'><strong>(vid.</strong></span> 
     </span>
     <span class='ocr_line' id='line_1_56' title="bbox 1130 1559 1941 1615; baseline 0 -13"><span class='ocrx_word' id='word_1_309' title='bbox 1130 1559 1279 1615; x_wconf 80' lang='lat' dir='ltr'><strong>Lysid.</strong></span> <span class='ocrx_word' id='word_1_310' title='bbox 1303 1576 1344 1615; x_wconf 88' lang='lat' dir='ltr'><strong>p.</strong></span> <span class='ocrx_word' id='word_1_311' title='bbox 1366 1559 1463 1601; x_wconf 76' lang='lat'><strong><em>207.</em></strong></span> <span class='ocrx_word' id='word_1_312' title='bbox 1482 1560 1551 1615; x_wconf 82' lang='lat' dir='ltr'><strong>C.)</strong></span> <span class='ocrx_word' id='word_1_313' title='bbox 1579 1565 1752 1602; x_wconf 88' lang='lat' dir='ltr'><strong>mature</strong></span> <span class='ocrx_word' id='word_1_314' title='bbox 1773 1560 1827 1602; x_wconf 87' lang='lat' dir='ltr'><strong>ad</strong></span> <span class='ocrx_word' id='word_1_315' title='bbox 1840 1560 1941 1614; x_wconf 89' lang='lat' dir='ltr'><strong>phi-</strong></span> 
     </span>
     <span class='ocr_line' id='line_1_57' title="bbox 1130 1616 1941 1672; baseline 0 -13"><span class='ocrx_word' id='word_1_316' title='bbox 1130 1616 1359 1671; x_wconf 86' lang='lat' dir='ltr'><strong>losophiae</strong></span> <span class='ocrx_word' id='word_1_317' title='bbox 1377 1616 1570 1659; x_wconf 88' lang='lat' dir='ltr'><strong>studium</strong></span> <span class='ocrx_word' id='word_1_318' title='bbox 1583 1616 1780 1658; x_wconf 83' lang='lat' dir='ltr'><strong>animum</strong></span> <span class='ocrx_word' id='word_1_319' title='bbox 1800 1617 1941 1672; x_wconf 89' lang='lat' dir='ltr'><strong>appli-</strong></span> 
     </span>
     <span class='ocr_line' id='line_1_58' title="bbox 1126 1673 1938 1729; baseline 0 -13"><span class='ocrx_word' id='word_1_320' title='bbox 1126 1673 1244 1716; x_wconf 86' lang='lat' dir='ltr'><strong>cavit</strong></span> <span class='ocrx_word' id='word_1_321' title='bbox 1264 1679 1308 1716; x_wconf 84' lang='lat' dir='ltr'><strong>et</strong></span> <span class='ocrx_word' id='word_1_322' title='bbox 1332 1687 1434 1715; x_wconf 92' lang='lat' dir='ltr'><strong>cum</strong></span> <span class='ocrx_word' id='word_1_323' title='bbox 1457 1673 1569 1716; x_wconf 89' lang='lat' dir='ltr'><strong>alios</strong></span> <span class='ocrx_word' id='word_1_324' title='bbox 1590 1674 1823 1729; x_wconf 83' lang='lat' dir='ltr'><strong>sophistas,</strong></span> <span class='ocrx_word' id='word_1_325' title='bbox 1844 1681 1938 1716; x_wconf 83' lang='lat' dir='ltr'><strong>tum</strong></span> 
     </span>
     <span class='ocr_line' id='line_1_59' title="bbox 1126 1729 1935 1786; baseline 0.001 -13"><span class='ocrx_word' id='word_1_326' title='bbox 1126 1729 1384 1786; x_wconf 83' lang='lat' dir='ltr'><strong>Ctesippum</strong></span> <span class='ocrx_word' id='word_1_327' title='bbox 1413 1731 1608 1773; x_wconf 85' lang='lat' dir='ltr'><strong>maxime</strong></span> <span class='ocrx_word' id='word_1_328' title='bbox 1645 1736 1820 1772; x_wconf 88' lang='lat' dir='ltr'><strong>secutus</strong></span> <span class='ocrx_word' id='word_1_329' title='bbox 1856 1736 1935 1775; x_wconf 89' lang='lat' dir='ltr'><strong>est.</strong></span> 
     </span>
     <span class='ocr_line' id='line_1_60' title="bbox 1125 1787 1939 1844; baseline -0.001 -15"><span class='ocrx_word' id='word_1_330' title='bbox 1125 1801 1165 1830; x_wconf 85' lang='lat' dir='ltr'><strong><em>v.</em></strong></span> <span class='ocrx_word' id='word_1_331' title='bbox 1189 1787 1338 1844; x_wconf 83' lang='lat' dir='ltr'><strong>Lysid.</strong></span> <span class='ocrx_word' id='word_1_332' title='bbox 1359 1803 1401 1843; x_wconf 89' lang='grc' dir='ltr'><strong>Ρ.</strong></span> <span class='ocrx_word' id='word_1_333' title='bbox 1422 1787 1520 1831; x_wconf 85' lang='grc'><em>206.</em></span> <span class='ocrx_word' id='word_1_334' title='bbox 1575 1788 1700 1829; x_wconf 88' lang='lat' dir='ltr'><strong>Unde</strong></span> <span class='ocrx_word' id='word_1_335' title='bbox 1721 1787 1939 1843; x_wconf 80' lang='lat' dir='ltr'><strong>intelligi-</strong></span> 
     </span>
     <span class='ocr_line' id='line_1_61' title="bbox 1125 1844 1937 1899; baseline 0.001 -12"><span class='ocrx_word' id='word_1_336' title='bbox 1125 1848 1220 1897; x_wconf 88' lang='lat' dir='ltr'><strong>tur,</strong></span> <span class='ocrx_word' id='word_1_337' title='bbox 1250 1859 1329 1887; x_wconf 88' lang='lat' dir='ltr'><strong>cur</strong></span> <span class='ocrx_word' id='word_1_338' title='bbox 1347 1845 1394 1887; x_wconf 87' lang='lat' dir='ltr'><strong>h.</strong></span> <span class='ocrx_word' id='word_1_339' title='bbox 1421 1845 1451 1886; x_wconf 92' lang='lat' dir='ltr'><strong>l.</strong></span> <span class='ocrx_word' id='word_1_340' title='bbox 1478 1844 1675 1899; x_wconf 82' lang='lat' dir='ltr'><strong>Ctesippi</strong></span> <span class='ocrx_word' id='word_1_341' title='bbox 1705 1850 1751 1888; x_wconf 92' lang='lat' dir='ltr'><strong>et</strong></span> <span class='ocrx_word' id='word_1_342' title='bbox 1780 1845 1937 1888; x_wconf 79' lang='lat' dir='ltr'><strong>Mene-</strong></span> 
     </span>
     <span class='ocr_line' id='line_1_62' title="bbox 1123 1900 1637 1946; baseline -0.004 0"><span class='ocrx_word' id='word_1_343' title='bbox 1123 1900 1225 1946; x_wconf 84' lang='lat' dir='ltr'><strong>xeni</strong></span> <span class='ocrx_word' id='word_1_344' title='bbox 1246 1915 1337 1945; x_wconf 86' lang='lat' dir='ltr'><strong>una</strong></span> <span class='ocrx_word' id='word_1_345' title='bbox 1363 1901 1530 1945; x_wconf 88' lang='lat' dir='ltr'><strong>mentio</strong></span> <span class='ocrx_word' id='word_1_346' title='bbox 1543 1901 1637 1944; x_wconf 87' lang='lat' dir='ltr'><strong>fiat.</strong></span> 
     </span>
    </p>
   </div>
   <div class='ocr_carea' id='block_1_19' title="bbox 1110 1994 1935 3484">
    <p class='ocr_par' dir='ltr' id='par_1_19' title="bbox 1110 1994 1935 3484">
     <span class='ocr_line' id='line_1_63' title="bbox 1163 1994 1933 2056; baseline 0.005 -15"><span class='ocrx_word' id='word_1_347' title='bbox 1163 1995 1361 2042; x_wconf 78' lang='grc' dir='ltr'><strong><em>Πλάτων</em></strong></span> <span class='ocrx_word' id='word_1_348' title='bbox 1374 1996 1438 2054; x_wconf 83' lang='grc' dir='ltr'><strong>δέ,</strong></span> <span class='ocrx_word' id='word_1_349' title='bbox 1451 1995 1599 2052; x_wconf 84' lang='grc' dir='ltr'><strong>οἶμαι,</strong></span> <span class='ocrx_word' id='word_1_350' title='bbox 1615 1994 1821 2056; x_wconf 77' lang='grc' dir='ltr'><strong><em>ἠσθένει]</em></strong></span> <span class='ocrx_word' id='word_1_351' title='bbox 1835 1999 1933 2045; x_wconf 88' lang='lat' dir='ltr'><strong>Non</strong></span> 
     </span>
     <span class='ocr_line' id='line_1_64' title="bbox 1122 2056 1935 2100; baseline 0.001 -1"><span class='ocrx_word' id='word_1_352' title='bbox 1122 2057 1218 2100; x_wconf 83' lang='lat' dir='ltr'><strong>veri</strong></span> <span class='ocrx_word' id='word_1_353' title='bbox 1229 2056 1456 2100; x_wconf 85' lang='lat' dir='ltr'><strong>dissimilis</strong></span> <span class='ocrx_word' id='word_1_354' title='bbox 1469 2061 1535 2099; x_wconf 90' lang='lat' dir='ltr'><strong>est</strong></span> <span class='ocrx_word' id='word_1_355' title='bbox 1554 2058 1593 2099; x_wconf 90' lang='lat' dir='ltr'><strong>F</strong></span> <span class='ocrx_word' id='word_1_356' title='bbox 1603 2072 1629 2100; x_wconf 95' lang='lat' dir='ltr'><strong>o</strong></span> <span class='ocrx_word' id='word_1_357' title='bbox 1640 2072 1663 2099; x_wconf 91' lang='lat' dir='ltr'><strong>r</strong></span> <span class='ocrx_word' id='word_1_358' title='bbox 1672 2073 1692 2099; x_wconf 87' lang='lat' dir='ltr'><strong>s</strong></span> <span class='ocrx_word' id='word_1_359' title='bbox 1705 2063 1723 2100; x_wconf 92' lang='lat' dir='ltr'><strong>t</strong></span> <span class='ocrx_word' id='word_1_360' title='bbox 1734 2058 1812 2100; x_wconf 86' lang='lat' dir='ltr'><strong>eri</strong></span> <span class='ocrx_word' id='word_1_361' title='bbox 1829 2073 1935 2100; x_wconf 88' lang='lat' dir='ltr'><strong>con-</strong></span> 
     </span>
     <span class='ocr_line' id='line_1_65' title="bbox 1120 2115 1934 2159; baseline 0.001 -2"><span class='ocrx_word' id='word_1_362' title='bbox 1120 2115 1292 2157; x_wconf 89' lang='lat' dir='ltr'><strong>iectura</strong></span> <span class='ocrx_word' id='word_1_363' title='bbox 1346 2115 1579 2157; x_wconf 86' lang='lat' dir='ltr'><strong>Platonem</strong></span> <span class='ocrx_word' id='word_1_364' title='bbox 1651 2115 1724 2157; x_wconf 89' lang='lat' dir='ltr'><strong>his</strong></span> <span class='ocrx_word' id='word_1_365' title='bbox 1783 2116 1934 2159; x_wconf 76' lang='lat' dir='ltr'><strong>verbis</strong></span> 
     </span>
     <span class='ocr_line' id='line_1_66' title="bbox 1121 2171 1935 2228; baseline 0 -14"><span class='ocrx_word' id='word_1_366' title='bbox 1121 2171 1379 2228; x_wconf 85' lang='lat' dir='ltr'><strong>significare</strong></span> <span class='ocrx_word' id='word_1_367' title='bbox 1432 2171 1627 2214; x_wconf 84' lang='lat' dir='ltr'><strong>voluisse</strong></span> <span class='ocrx_word' id='word_1_368' title='bbox 1683 2187 1935 2215; x_wconf 88' lang='lat' dir='ltr'><strong>maerorem</strong></span> 
     </span>
     <span class='ocr_line' id='line_1_67' title="bbox 1122 2228 1934 2283; baseline 0.001 -11"><span class='ocrx_word' id='word_1_369' title='bbox 1122 2244 1273 2281; x_wconf 78' lang='lat' dir='ltr'><strong>suum,</strong></span> <span class='ocrx_word' id='word_1_370' title='bbox 1332 2242 1420 2283; x_wconf 87' lang='lat' dir='ltr'><strong>quo</strong></span> <span class='ocrx_word' id='word_1_371' title='bbox 1464 2228 1724 2272; x_wconf 88' lang='lat' dir='ltr'><strong>imminente</strong></span> <span class='ocrx_word' id='word_1_372' title='bbox 1768 2229 1934 2273; x_wconf 81' lang='lat' dir='ltr'><strong>summi</strong></span> 
     </span>
     <span class='ocr_line' id='line_1_68' title="bbox 1120 2285 1933 2342; baseline -0.001 -15"><span class='ocrx_word' id='word_1_373' title='bbox 1120 2285 1327 2342; x_wconf 83' lang='lat' dir='ltr'><strong>magistri</strong></span> <span class='ocrx_word' id='word_1_374' title='bbox 1349 2290 1492 2328; x_wconf 90' lang='lat' dir='ltr'><strong>morte</strong></span> <span class='ocrx_word' id='word_1_375' title='bbox 1519 2286 1704 2329; x_wconf 82' lang='lat' dir='ltr'><strong>affectus</strong></span> <span class='ocrx_word' id='word_1_376' title='bbox 1726 2287 1874 2331; x_wconf 80' lang='lat' dir='ltr'><strong>fuerit.</strong></span> <span class='ocrx_word' id='word_1_377' title='bbox 1895 2300 1933 2326; x_wconf 81' lang='lat'><strong>¹-.-</strong></span> 
     </span>
     <span class='ocr_line' id='line_1_69' title="bbox 1121 2343 1932 2398; baseline -0.001 -12"><span class='ocrx_word' id='word_1_378' title='bbox 1121 2345 1328 2386; x_wconf 82' lang='lat' dir='ltr'><strong>ceterum</strong></span> <span class='ocrx_word' id='word_1_379' title='bbox 1360 2343 1478 2398; x_wconf 88' lang='lat' dir='ltr'><strong>quod</strong></span> <span class='ocrx_word' id='word_1_380' title='bbox 1508 2344 1634 2385; x_wconf 90' lang='lat' dir='ltr'><strong>nulla</strong></span> <span class='ocrx_word' id='word_1_381' title='bbox 1662 2345 1932 2398; x_wconf 83' lang='lat' dir='ltr'><strong>Xenophon-</strong></span> 
     </span>
     <span class='ocr_line' id='line_1_70' title="bbox 1118 2400 1930 2452; baseline 0 -9"><span class='ocrx_word' id='word_1_382' title='bbox 1118 2400 1175 2443; x_wconf 88' lang='lat' dir='ltr'><strong>tis</strong></span> <span class='ocrx_word' id='word_1_383' title='bbox 1198 2401 1284 2442; x_wconf 91' lang='lat' dir='ltr'><strong>hoc</strong></span> <span class='ocrx_word' id='word_1_384' title='bbox 1303 2400 1402 2442; x_wconf 90' lang='lat' dir='ltr'><strong>loco</strong></span> <span class='ocrx_word' id='word_1_385' title='bbox 1422 2400 1536 2442; x_wconf 79' lang='lat' dir='ltr'><strong>facta</strong></span> <span class='ocrx_word' id='word_1_386' title='bbox 1559 2406 1626 2442; x_wconf 85' lang='lat' dir='ltr'><strong>est</strong></span> <span class='ocrx_word' id='word_1_387' title='bbox 1650 2401 1840 2451; x_wconf 86' lang='lat' dir='ltr'><strong>mentio,</strong></span> <span class='ocrx_word' id='word_1_388' title='bbox 1883 2401 1930 2452; x_wconf 83' lang='lat' dir='ltr'><strong>id</strong></span> 
     </span>
     <span class='ocr_line' id='line_1_71' title="bbox 1117 2455 1932 2501; baseline -0.001 0"><span class='ocrx_word' id='word_1_389' title='bbox 1117 2458 1444 2501; x_wconf 85' lang='lat' dir='ltr'><strong>Athenaeus</strong></span> <span class='ocrx_word' id='word_1_390' title='bbox 1478 2456 1555 2498; x_wconf 79' lang='lat' dir='ltr'><strong>XI.</strong></span> <span class='ocrx_word' id='word_1_391' title='bbox 1584 2455 1653 2499; x_wconf 84' lang='lat'><strong><em>15.</em></strong></span> <span class='ocrx_word' id='word_1_392' title='bbox 1694 2459 1828 2499; x_wconf 83' lang='lat' dir='ltr'><strong>refert</strong></span> <span class='ocrx_word' id='word_1_393' title='bbox 1861 2457 1932 2500; x_wconf 87' lang='lat' dir='ltr'><strong>in-</strong></span> 
     </span>
     <span class='ocr_line' id='line_1_72' title="bbox 1118 2512 1931 2570; baseline 0 -13"><span class='ocrx_word' id='word_1_394' title='bbox 1118 2519 1187 2557; x_wconf 88' lang='lat' dir='ltr'><strong>ter</strong></span> <span class='ocrx_word' id='word_1_395' title='bbox 1201 2518 1474 2570; x_wconf 76' lang='lat' dir='ltr'><strong>argumenta</strong></span> <span class='ocrx_word' id='word_1_396' title='bbox 1491 2512 1683 2556; x_wconf 86' lang='lat' dir='ltr'><strong>invidiae</strong></span> <span class='ocrx_word' id='word_1_397' title='bbox 1707 2519 1752 2556; x_wconf 92' lang='lat' dir='ltr'><strong>et</strong></span> <span class='ocrx_word' id='word_1_398' title='bbox 1771 2514 1931 2557; x_wconf 87' lang='lat' dir='ltr'><strong>simul-</strong></span> 
     </span>
     <span class='ocr_line' id='line_1_73' title="bbox 1119 2569 1927 2626; baseline 0 -12"><span class='ocrx_word' id='word_1_399' title='bbox 1119 2571 1244 2623; x_wconf 86' lang='lat' dir='ltr'><strong>tatis,</strong></span> <span class='ocrx_word' id='word_1_400' title='bbox 1291 2584 1407 2626; x_wconf 91' lang='lat' dir='ltr'><strong>quae</strong></span> <span class='ocrx_word' id='word_1_401' title='bbox 1439 2569 1618 2613; x_wconf 86' lang='lat' dir='ltr'><strong>Platoni</strong></span> <span class='ocrx_word' id='word_1_402' title='bbox 1650 2584 1752 2612; x_wconf 92' lang='lat' dir='ltr'><strong>cum</strong></span> <span class='ocrx_word' id='word_1_403' title='bbox 1780 2573 1927 2614; x_wconf 83' lang='lat' dir='ltr'><strong>Xeno-</strong></span> 
     </span>
     <span class='ocr_line' id='line_1_74' title="bbox 1117 2627 1931 2686; baseline 0.002 -16"><span class='ocrx_word' id='word_1_404' title='bbox 1117 2630 1284 2686; x_wconf 85' lang='lat' dir='ltr'><strong>phonte</strong></span> <span class='ocrx_word' id='word_1_405' title='bbox 1299 2627 1619 2670; x_wconf 79' lang='lat' dir='ltr'><strong>intercesserit.</strong></span> <span class='ocrx_word' id='word_1_406' title='bbox 1676 2629 1744 2670; x_wconf 88' lang='lat' dir='ltr'><strong>De</strong></span> <span class='ocrx_word' id='word_1_407' title='bbox 1770 2643 1858 2683; x_wconf 91' lang='lat' dir='ltr'><strong>qua</strong></span> <span class='ocrx_word' id='word_1_408' title='bbox 1880 2643 1931 2672; x_wconf 83' lang='lat' dir='ltr'><strong>re</strong></span> 
     </span>
     <span class='ocr_line' id='line_1_75' title="bbox 1118 2683 1930 2742; baseline 0.002 -15"><span class='ocrx_word' id='word_1_409' title='bbox 1118 2685 1226 2742; x_wconf 84' lang='lat' dir='ltr'><strong>quid</strong></span> <span class='ocrx_word' id='word_1_410' title='bbox 1251 2684 1532 2728; x_wconf 86' lang='lat' dir='ltr'><strong>statuendum</strong></span> <span class='ocrx_word' id='word_1_411' title='bbox 1560 2683 1641 2735; x_wconf 88' lang='lat' dir='ltr'><strong>sit,</strong></span> <span class='ocrx_word' id='word_1_412' title='bbox 1681 2685 1809 2728; x_wconf 89' lang='lat' dir='ltr'><strong>docte</strong></span> <span class='ocrx_word' id='word_1_413' title='bbox 1839 2686 1930 2729; x_wconf 90' lang='lat' dir='ltr'><strong>dis-</strong></span> 
     </span>
     <span class='ocr_line' id='line_1_76' title="bbox 1118 2740 1930 2799; baseline 0.004 -15"><span class='ocrx_word' id='word_1_414' title='bbox 1118 2741 1289 2799; x_wconf 86' lang='lat' dir='ltr'><strong>putavit</strong></span> <span class='ocrx_word' id='word_1_415' title='bbox 1322 2741 1375 2784; x_wconf 88' lang='lat' dir='ltr'><strong>A.</strong></span> <span class='ocrx_word' id='word_1_416' title='bbox 1395 2742 1434 2783; x_wconf 93' lang='lat' dir='ltr'>B</span> <span class='ocrx_word' id='word_1_417' title='bbox 1446 2755 1505 2783; x_wconf 87' lang='lat' dir='ltr'><strong>oe</strong></span> <span class='ocrx_word' id='word_1_418' title='bbox 1517 2741 1616 2783; x_wconf 82' lang='lat' dir='ltr'><strong>ckh</strong></span> <span class='ocrx_word' id='word_1_419' title='bbox 1628 2740 1644 2783; x_wconf 90' lang='lat' dir='ltr'><strong>i</strong></span> <span class='ocrx_word' id='word_1_420' title='bbox 1657 2756 1686 2783; x_wconf 95' lang='lat' dir='ltr'><strong>u</strong></span> <span class='ocrx_word' id='word_1_421' title='bbox 1698 2757 1718 2784; x_wconf 88' lang='lat' dir='ltr'><strong>s</strong></span> <span class='ocrx_word' id='word_1_422' title='bbox 1742 2742 1789 2785; x_wconf 91' lang='lat' dir='ltr'><strong>in</strong></span> <span class='ocrx_word' id='word_1_423' title='bbox 1807 2758 1930 2787; x_wconf 89' lang='lat' dir='ltr'><strong>com-</strong></span> 
     </span>
     <span class='ocr_line' id='line_1_77' title="bbox 1117 2799 1927 2843; baseline 0.002 -2"><span class='ocrx_word' id='word_1_424' title='bbox 1117 2803 1299 2842; x_wconf 90' lang='lat' dir='ltr'><strong>mentat.</strong></span> <span class='ocrx_word' id='word_1_425' title='bbox 1346 2799 1541 2842; x_wconf 86' lang='lat' dir='ltr'><strong>academ.</strong></span> <span class='ocrx_word' id='word_1_426' title='bbox 1601 2799 1640 2840; x_wconf 91' lang='lat' dir='ltr'>D</span> <span class='ocrx_word' id='word_1_427' title='bbox 1651 2814 1676 2840; x_wconf 93' lang='lat' dir='ltr'><strong>e</strong></span> <span class='ocrx_word' id='word_1_428' title='bbox 1723 2814 1743 2842; x_wconf 92' lang='lat' dir='ltr'><strong>s</strong></span> <span class='ocrx_word' id='word_1_429' title='bbox 1755 2800 1829 2842; x_wconf 90' lang='lat' dir='ltr'><strong>im</strong></span> <span class='ocrx_word' id='word_1_430' title='bbox 1841 2815 1871 2842; x_wconf 94' lang='lat' dir='ltr'><strong>u</strong></span> <span class='ocrx_word' id='word_1_431' title='bbox 1880 2802 1927 2843; x_wconf 89' lang='lat'><strong>1-</strong></span> 
     </span>
     <span class='ocr_line' id='line_1_78' title="bbox 1118 2856 1925 2911; baseline 0 -11"><span class='ocrx_word' id='word_1_432' title='bbox 1118 2861 1257 2908; x_wconf 89' lang='lat' dir='ltr'><strong>tate,</strong></span> <span class='ocrx_word' id='word_1_433' title='bbox 1314 2870 1458 2911; x_wconf 85' lang='lat' dir='ltr'><strong>quae</strong></span> <span class='ocrx_word' id='word_1_434' title='bbox 1509 2856 1743 2899; x_wconf 87' lang='lat' dir='ltr'><strong>Platoni</strong></span> <span class='ocrx_word' id='word_1_435' title='bbox 1798 2871 1925 2901; x_wconf 90' lang='lat' dir='ltr'><strong>cum</strong></span> 
     </span>
     <span class='ocr_line' id='line_1_79' title="bbox 1118 2913 1925 2969; baseline 0 -12"><span class='ocrx_word' id='word_1_436' title='bbox 1118 2913 1502 2969; x_wconf 86' lang='lat' dir='ltr'><strong>Xenophonte</strong></span> <span class='ocrx_word' id='word_1_437' title='bbox 1547 2913 1925 2957; x_wconf 87' lang='lat' dir='ltr'><strong>intercessis-</strong></span> 
     </span>
     <span class='ocr_line' id='line_1_80' title="bbox 1117 2970 1923 3016; baseline 0.002 -2"><span class='ocrx_word' id='word_1_438' title='bbox 1117 2986 1138 3014; x_wconf 72' lang='grc' dir='ltr'><strong>Β</strong></span> <span class='ocrx_word' id='word_1_439' title='bbox 1155 2985 1180 3013; x_wconf 92' lang='lat' dir='ltr'><strong>e</strong></span> <span class='ocrx_word' id='word_1_440' title='bbox 1206 2971 1258 3012; x_wconf 83' lang='lat' dir='ltr'><strong>fe</strong></span> <span class='ocrx_word' id='word_1_441' title='bbox 1270 2975 1394 3013; x_wconf 87' lang='lat' dir='ltr'><strong>rtur</strong></span> <span class='ocrx_word' id='word_1_442' title='bbox 1421 2971 1571 3013; x_wconf 92' lang='lat' dir='ltr'><strong>Berol.</strong></span> <span class='ocrx_word' id='word_1_443' title='bbox 1585 2985 1624 3014; x_wconf 88' lang='lat' dir='ltr'><strong>a.</strong></span> <span class='ocrx_word' id='word_1_444' title='bbox 1641 2970 1767 3014; x_wconf 83' lang='lat'><strong><em>1821.</em></strong></span> <span class='ocrx_word' id='word_1_445' title='bbox 1790 2971 1923 3016; x_wconf 86' lang='lat' dir='ltr'><strong>edita.</strong></span> 
     </span>
     <span class='ocr_line' id='line_1_81' title="bbox 1115 3028 1926 3083; baseline 0.001 -13"><span class='ocrx_word' id='word_1_446' title='bbox 1115 3028 1292 3083; x_wconf 80' lang='lat' dir='ltr'><strong>Quippe</strong></span> <span class='ocrx_word' id='word_1_447' title='bbox 1309 3042 1396 3070; x_wconf 92' lang='lat' dir='ltr'><strong>non</strong></span> <span class='ocrx_word' id='word_1_448' title='bbox 1423 3028 1568 3083; x_wconf 86' lang='lat' dir='ltr'><strong>potuit</strong></span> <span class='ocrx_word' id='word_1_449' title='bbox 1590 3028 1678 3071; x_wconf 89' lang='lat' dir='ltr'><strong>hoc</strong></span> <span class='ocrx_word' id='word_1_450' title='bbox 1710 3028 1808 3070; x_wconf 92' lang='lat' dir='ltr'><strong>loco</strong></span> <span class='ocrx_word' id='word_1_451' title='bbox 1835 3030 1926 3071; x_wconf 86' lang='lat' dir='ltr'><strong>Xe-</strong></span> 
     </span>
     <span class='ocr_line' id='line_1_82' title="bbox 1114 3084 1924 3141; baseline 0 -13"><span class='ocrx_word' id='word_1_452' title='bbox 1114 3085 1350 3141; x_wconf 88' lang='lat' dir='ltr'><strong>nophontis</strong></span> <span class='ocrx_word' id='word_1_453' title='bbox 1411 3084 1577 3127; x_wconf 90' lang='lat' dir='ltr'><strong>mentio</strong></span> <span class='ocrx_word' id='word_1_454' title='bbox 1637 3089 1759 3127; x_wconf 88' lang='lat' dir='ltr'><strong>recte</strong></span> <span class='ocrx_word' id='word_1_455' title='bbox 1809 3085 1924 3138; x_wconf 88' lang='lat' dir='ltr'><strong>fieri,</strong></span> 
     </span>
     <span class='ocr_line' id='line_1_83' title="bbox 1113 3141 1926 3198; baseline 0.001 -14"><span class='ocrx_word' id='word_1_456' title='bbox 1113 3156 1251 3198; x_wconf 90' lang='lat' dir='ltr'><strong>quum</strong></span> <span class='ocrx_word' id='word_1_457' title='bbox 1299 3141 1382 3184; x_wconf 87' lang='lat' dir='ltr'><strong>ille</strong></span> <span class='ocrx_word' id='word_1_458' title='bbox 1427 3156 1541 3184; x_wconf 86' lang='lat' dir='ltr'><strong>anno</strong></span> <span class='ocrx_word' id='word_1_459' title='bbox 1584 3147 1686 3184; x_wconf 90' lang='lat' dir='ltr'><strong>ante</strong></span> <span class='ocrx_word' id='word_1_460' title='bbox 1727 3143 1926 3185; x_wconf 84' lang='lat' dir='ltr'><strong>Socratis</strong></span> 
     </span>
     <span class='ocr_line' id='line_1_84' title="bbox 1112 3198 1924 3254; baseline 0 -12"><span class='ocrx_word' id='word_1_461' title='bbox 1112 3205 1300 3242; x_wconf 87' lang='lat' dir='ltr'><strong>mortem</strong></span> <span class='ocrx_word' id='word_1_462' title='bbox 1324 3198 1370 3240; x_wconf 89' lang='lat' dir='ltr'><strong>in</strong></span> <span class='ocrx_word' id='word_1_463' title='bbox 1394 3199 1545 3241; x_wconf 85' lang='lat' dir='ltr'><strong>Asiam</strong></span> <span class='ocrx_word' id='word_1_464' title='bbox 1568 3204 1682 3241; x_wconf 87' lang='lat' dir='ltr'><strong>esset</strong></span> <span class='ocrx_word' id='word_1_465' title='bbox 1701 3200 1924 3254; x_wconf 79' lang='lat' dir='ltr'><strong>profectus</strong></span> 
     </span>
     <span class='ocr_line' id='line_1_85' title="bbox 1110 3256 1923 3312; baseline 0 -13"><span class='ocrx_word' id='word_1_466' title='bbox 1110 3257 1264 3312; x_wconf 86' lang='lat' dir='ltr'><strong>ibique</strong></span> <span class='ocrx_word' id='word_1_467' title='bbox 1298 3257 1533 3299; x_wconf 87' lang='lat' dir='ltr'><strong>militaret:</strong></span> <span class='ocrx_word' id='word_1_468' title='bbox 1591 3256 1637 3297; x_wconf 89' lang='lat' dir='ltr'><strong>id</strong></span> <span class='ocrx_word' id='word_1_469' title='bbox 1676 3256 1793 3311; x_wconf 86' lang='lat' dir='ltr'><strong>quod</strong></span> <span class='ocrx_word' id='word_1_470' title='bbox 1830 3256 1923 3299; x_wconf 81' lang='lat' dir='ltr'><strong>iam</strong></span> 
     </span>
     <span class='ocr_line' id='line_1_86' title="bbox 1111 3312 1921 3357; baseline -0.004 0"><span class='ocrx_word' id='word_1_471' title='bbox 1111 3315 1150 3357; x_wconf 88' lang='lat' dir='ltr'><strong>F</strong></span> <span class='ocrx_word' id='word_1_472' title='bbox 1162 3314 1208 3357; x_wconf 89' lang='lat' dir='ltr'><strong>is</strong></span> <span class='ocrx_word' id='word_1_473' title='bbox 1219 3329 1243 3355; x_wconf 88' lang='lat' dir='ltr'><strong>c</strong></span> <span class='ocrx_word' id='word_1_474' title='bbox 1253 3314 1285 3355; x_wconf 90' lang='lat' dir='ltr'><strong>h</strong></span> <span class='ocrx_word' id='word_1_475' title='bbox 1298 3328 1323 3355; x_wconf 88' lang='lat' dir='ltr'><strong>e</strong></span> <span class='ocrx_word' id='word_1_476' title='bbox 1334 3328 1357 3355; x_wconf 87' lang='lat' dir='ltr'><strong>r</strong></span> <span class='ocrx_word' id='word_1_477' title='bbox 1367 3328 1394 3355; x_wconf 91' lang='lat' dir='ltr'><strong>u</strong></span> <span class='ocrx_word' id='word_1_478' title='bbox 1407 3329 1427 3355; x_wconf 85' lang='lat' dir='ltr'><strong>s</strong></span> <span class='ocrx_word' id='word_1_479' title='bbox 1455 3312 1684 3354; x_wconf 79' lang='lat' dir='ltr'><strong>verissime</strong></span> <span class='ocrx_word' id='word_1_480' title='bbox 1715 3315 1921 3355; x_wconf 81' lang='lat' dir='ltr'><strong>ohserva-</strong></span> 
     </span>
     <span class='ocr_line' id='line_1_87' title="bbox 1111 3363 1922 3431; baseline -0.001 -18"><span class='ocrx_word' id='word_1_481' title='bbox 1111 3372 1188 3414; x_wconf 83' lang='lat' dir='ltr'><strong>vit.</strong></span> <span class='ocrx_word' id='word_1_482' title='bbox 1218 3394 1246 3404; x_wconf 89' lang='lat'><em>-</em></span> <span class='ocrx_word' id='word_1_483' title='bbox 1275 3372 1364 3414; x_wconf 82' lang='lat' dir='ltr'><strong>Pro</strong></span> <span class='ocrx_word' id='word_1_484' title='bbox 1385 3363 1442 3431; x_wconf 77' lang='grc' dir='ltr'><strong><em>ἦν</em></strong></span> <span class='ocrx_word' id='word_1_485' title='bbox 1472 3369 1521 3414; x_wconf 77' lang='grc' dir='ltr'><strong>δὲ</strong></span> <span class='ocrx_word' id='word_1_486' title='bbox 1550 3369 1627 3412; x_wconf 77' lang='grc' dir='ltr'><strong>καὶ</strong></span> <span class='ocrx_word' id='word_1_487' title='bbox 1651 3368 1922 3424; x_wconf 78' lang='grc' dir='ltr'><strong><em>Κτήσιππος</em></strong></span> 
     </span>
     <span class='ocr_line' id='line_1_88' title="bbox 1110 3427 1920 3484; baseline -0.002 -10"><span class='ocrx_word' id='word_1_488' title='bbox 1110 3427 1457 3474; x_wconf 75' lang='lat' dir='ltr'><strong>Ileiudorfiu</strong></span> <span class='ocrx_word' id='word_1_489' title='bbox 1470 3442 1490 3471; x_wconf 83' lang='lat' dir='ltr'><strong>s</strong></span> <span class='ocrx_word' id='word_1_490' title='bbox 1527 3428 1784 3484; x_wconf 79' lang='lat' dir='ltr'><strong>requirebat</strong></span> <span class='ocrx_word' id='word_1_491' title='bbox 1830 3442 1920 3472; x_wconf 81' lang='grc' dir='ltr'><strong>πα-</strong></span> 
     </span>
    </p>
   </div>
  </div>
 </body>
</html>
