2040 3646
287 174 362 240 ‘30
944 175 1307 236 PLAToms

290 316 517 399 φήμησέ
552 341 607 378 τε
642 320 738 379 καὶ
772 316 980 378 τοιαῦτ’
1001 316 1138 378 ἄττα
1167 312 1375 392 εἶπεν,
1397 316 1499 381 οἷα
1512 319 1604 403 δὴ
1626 313 1887 385 stowam
1923 325 1982 385 αἱ

289 410 570 482 γυναῖκες,
614 401 698 462 ὅτι
713 394 784 462 ἴΩ
814 405 1135 483 Σώκρατες,
1188 401 1433 467 ’ὕστατον
1452 404 1524 486 δὴ
1558 408 1620 466 σὲ
1643 415 1980 487 προςεροιῖσι

288 492 399 546 νῦν
434 489 491 547 οἱ
527 489 821 567 ἐπιτήδειοι
858 490 955 548 καὶ
991 488 1068 549 σύ
1106 490 1363 563 τούτους.
1449 494 1565 551 Καὶ
1601 490 1634 552 6
1675 494 1980 574 Σωκράτης

288 572 499 648 βλέψας
533 575 610 646 εἰς
635 571 731 632 τὸν
758 575 1016 651 Κρίτωνα
1031 619 1046 643 ,
1092 564 1164 633 ³62
1189 576 1436 652 Κρίτων,
1480 576 1617 657 ἔφη,
1661 575 1979 658 ἄπαγαγέτω

287 680 371 729 τις
396 656 608 738 ταύτην
633 661 847 717 οἴκαδε.
926 660 1043 718 Καὶ
1069 660 1278 740 ἐκείνην
1314 661 1414 737 μεν
1449 658 1664 742 απῆγόν
1697 685 1839 736 τινες
1871 669 1979 724 τῶν

287 746 394 801 τοῦ
417 744 703 820 Κρίτωνος
731 741 953 819 βοῶσάν
978 767 1034 803 τε
1066 746 1160 803 καὶ
1185 745 1544 826 κοπτοιιέν-ἠν
1599 744 1632 806 6
1656 748 1716 806 δὲ
1741 747 1979 855 Σωκρά-

285 850 385 907 της
425 825 894 905 ἄνακαθιζόιιενος
941 829 1028 888 ἐπὶ
1069 826 1171 910 τὴν
1208 831 1402 910 κλίνην
1453 830 1775 909 συνέκαμψέ
1819 855 1876 892 τε
1912 831 1979 896 τὸ

206 967 209 975 .
285 912 485 987 σκέλος
518 915 613 973 καὶ
649 914 828 993 ἕτριψε
862 919 932 991 τῇ
965 915 1134 993 χειρί,
1197 916 1292 975 καὶ
1332 916 1532 994 τρίβων
1566 913 1679 994 ἅμα
1713 914 1814 991 Ως
1845 915 1976 979 ἄτο-

339 1163 612 1227 ἐπαναγέτω
635 1170 736 1228 τις]
777 1169 828 1214 V.
849 1165 1077 1226 απαγέτω.
1123 1171 1199 1214 sed
1218 1170 1434 1226 audetne,
1475 1187 1504 1219 a
1540 1172 1696 1232 paucis
1723 1173 1850 1218 codd.
1869 1189 1974 1220 con-

280 1234 511 1282 servatus,
538 1229 605 1271 rei
632 1229 806 1272 videtur
828 1229 1215 1273 accommodatior.

340 1296 417 1344 ἐπὶ
442 1295 529 1356 τὴν
550 1300 737 1356 κλίνην]
779 1299 855 1343 Sic
883 1315 972 1344 non
994 1299 1126 1356 pauci
1146 1300 1271 1343 codd.
1291 1314 1372 1357 pro
1393 1301 1520 1368 vulg.
1546 1301 1611 1353 εἰς
1637 1301 1763 1358 κλίνη
1765 1317 1805 1346 ν.
1843 1301 1973 1346 Bodl.

281 1353 362 1400 ἐπί
382 1358 729 1414 superscriptum
748 1358 900 1401 habet.
961 1359 1115 1401 Solent
1143 1363 1294 1401 autem
1315 1357 1562 1402 lectiones·
1548 1374 1594 1401 ιιι
1614 1358 1696 1402 illo
1722 1360 1841 1403 libro
1875 1375 1974 1403 ver-

280 1414 404 1457 sibus
432 1429 583 1470 supers
565 1415 754 1471 criptae
787 1417 1051 1473 plerumque
1080 1415 1274 1472 optimae
1303 1430 1413 1460 esse.
1452 1438 1482 1449 -
1527 1417 1638 1461 Mox
1668 1417 1794 1462 codd.
1818 1416 1973 1474 optimi

279 1485 433 1516 omnes
464 1469 688 1532 ἐξέτριψε.

335 1607 662 1671 α’νενφήμησε]
705 1612 763 1657 ἰιι
776 1617 795 1657 t
808 1624 866 1656 er
892 1614 1093 1658 fletum

277 1674 333 1715 et
405 1672 698 1714 eiulatum
763 1672 1093 1716 vociferata

279 1743 338 1772 es
354 1732 396 1785 t,
427 1733 477 1771 ut
510 1728 708 1784 loquitur
747 1729 932 1772 Valer.
969 1729 1092 1772 Ma-

278 1799 307 1829 x
317 1785 333 1828 i
345 1800 406 1829 m.
437 1785 532 1828 VH.
560 1786 602 1830 2.
629 1789 713 1827 ext.
734 1785 776 1828 1.
819 1786 972 1834 ⁴Etiam
1002 1786 1091 1828 hoo

275 1844 466 1886 verbum
513 1847 580 1885 est
617 1842 664 1885 in
691 1856 876 1885 numero
919 1856 1092 1896 eorum,

276 1900 325 1943 in
343 1899 503 1956 quibus
533 1911 737 1956 expressa
755 1905 996 1942 cernuntur
1014 1915 1093 1943 ve-

276 1957 413 2014 stigia
445 1957 626 2000 Atticae
646 1957 935 2000 humanitatis
948 1989 961 2010 ‚
1002 1971 1092 2012 qua

273 2015 418 2058 solent
439 2015 580 2057 verba
597 2014 663 2055 rei
683 2015 827 2056 laetae
856 2018 900 2056 et
934 2022 1090 2071 gratae

273 2071 415 2115 tribui
447 2073 582 2114 rebus
612 2070 808 2140 ingratis
842 2077 973 2127 atque
1008 2072 1090 2114 tri-

273 2129 417 2172 stibus
455 2122 555 2172 κατ’
595 2122 875 2202 οἶντίφρασιν
885 2162 898 2184 ,
952 2142 1087 2196 quam

272 2190 434 2230 vocant
456 2186 752 2255 grammatici.
810 2186 923 2229 Nam
944 2181 1089 2242 εὐφη-

271 2247 376 2300 μεῖν
409 2248 454 2286 et
485 2240 769 2299 ανενφημεῖν
810 2243 988 2299 proprie
1018 2243 1087 2286 di—

270 2307 432 2345 cuntur
475 2301 536 2343 de
587 2300 751 2344 verb
737 2316 751 2343 1
765 2315 784 2343 s
832 2305 900 2344 et
925 2301 1088 2344 voci-

271 2359 380 2402 bus
422 2357 639 2400 faustis
678 2372 741 2400 ac
770 2359 914 2401 bene
943 2358 1085 2401 omi·-

270 2429 300 2458 n
313 2430 340 2459 a
353 2415 440 2458 tis.
493 2415 581 2458 Sed
605 2409 705 2458 κατ’
729 2409 1006 2474 αντίφρασιν
1024 2415 1088 2458 si-

268 2472 484 2530 gnificant
541 2471 677 2514 etiam
743 2473 761 2514 l
775 2486 801 2515 a
815 2487 861 2515 m
874 2471 1082 2525 entari‚

268 2529 613 2582 vociferari,
662 2528 900 2573 eiulare.
960 2531 1006 2572 H
1021 2544 1083 2572 e-

269 2601 292 2631 s
302 2601 337 2656 y
345 2601 369 2629 c
379 2586 438 2629 h
424 2601 440 2630 1
451 2601 481 2628 u
495 2601 538 2629 s·
591 2601 834 2654 ανευφημη
841 2599 922 2631 σει
953 2581 1082 2631 οἶνοι·

267 2643 425 2701 μώξει,
452 2641 572 2688 κατὰ
601 2638 892 2714 ἅντίφρασιν·
922 2645 1085 2700 Σοφο-

266 2702 378 2758 κλῆς
403 2701 683 2771 Τραχινίαις.
730 2701 829 2745 ubi
860 2716 901 2744 v.
941 2701 1080 2758 intpp.

267 2758 416 2802 Idem.
439 2755 715 2814 ευφημοῦσι·
725 2759 945 2814 στένουσι,
957 2760 1083 2803 κλαί-

268 2829 388 2860 ουσι.
418 2830 461 2859 ν.
495 2818 526 2860 S
544 2831 608 2871 op
617 2817 764 2859 hocl.
795 2793 1007 2860 Trachin.
1036 2831 1078 2862 v.

265 2873 365 2917 783.
412 2873 627 2916 Aelian.
667 2874 717 2916 V.
738 2874 798 2918 H.
821 2874 934 2916 XIV.
962 2875 1002 2916 1.
1034 2878 1079 2917 et

265 2944 382 2987 quae
407 2930 463 2972 de
489 2944 530 2974 v.
561 2925 770 2987 εὔφημος
794 2945 873 2987 pro
904 2927 1078 2987 δύςφη·

263 3003 353 3044 μος
384 2991 595 3042 usurpato
630 2988 798 3031 notavit
841 2988 1076 3031 Stanlei.

265 3046 324 3088 ad
343 3043 549 3101 Aeschyl.
582 3044 843 3103 Agamemn.
877 3059 916 3089 v.
949 3045 1074 3088 1227.

262 3103 625 3146 normannus
677 3107 827 3146 tamen
881 3103 942 3145 ad
990 3101 1076 3145 So-

259 3160 408 3215 phocl.
437 3157 653 3202 Tmchin.
687 3160 719 3202 1.
745 3174 782 3202 c.
822 3160 992 3202 nullam
1023 3158 1072 3201 in

261 3218 386 3259 verb.
445 3214 733 3271 ἄνευφημεῖν
792 3212 1073 3284 αντίφρασιν
1126 3250 1134 3260 .

256 3286 284 3316 a
319 3272 473 3316 noscit.
522 3273 788 3342 Significare
817 3272 944 3342 ‘enim
977 3287 1071 3315 ex—

318 3343 510 3374 amare
540 3328 762 3386 εὕφήμει,
815 3330 843 3374 i.
881 3344 918 3373 e.
955 3331 1072 3372 cla-

253 3400 426 3439 mare,
484 3386 679 3434 absint
716 3390 894 3435 verba
921 3388 1071 3432 male

252 3444 517 3489 ominata·

1215 1614 1311 1660 τῶν
1336 1614 1425 1659 τοῦ
1449 1613 1715 1673 Κρίτωνος]
1756 1630 1816 1660 ex
1845 1615 1972 1660 Gri-

1158 1674 1312 1718 tonis
1342 1673 1538 1716 servis.
1597 1673 1710 1716 Nam
1733 1674 1904 1717 nobiles
1924 1678 1970 1717 et

1156 1731 1314 1773 divites
1351 1730 1641 1772 Athenienses
1678 1745 1766 1773 non
1801 1735 1970 1773 temere

1155 1788 1202 1830 in
1226 1786 1455 1843 publicum
1486 1787 1724 1843 prodibant
1748 1787 1861 1839 soli,
1890 1789 1968 1830 sed

1155 1858 1307 1887 secum
1332 1844 1560 1888 habebant
1597 1846 1689 1887 fere
1709 1845 1861 1901 plures
1891 1860 1968 1901 pe-

1155 1901 1278 1956 diseq
1281 1915 1372 1943 uos.
1423 1916 1464 1944 v.
1499 1902 1676 1943 Menon.
1758 1901 1876 1944 .82.
1911 1904 1965 1946 B.

1156 1963 1197 2014 §
1218 1917 1286 2002 151.
1308 1959 1375 2003 ed.
1391 1958 1559 2001 Buttm.
1593 1954 1706 2002 ἄλλά
1707 1974 1810 2027 μοι
1829 1975 1967 2028 προς-

1154 2011 1346 2060 κάλεσον
1366 2017 1459 2059 τῶν
1485 2017 1666 2059 πολλων
1691 2010 1968 2061 ἀκολούθων

1153 2072 1352 2118 τουτωνὶ
1382 2073 1477 2117 τῶν
1497 2074 1675 2119 σαυτοῦ
1699 2071 1805 2128 ἕνα,
1844 2068 1968 2120 ὅντι-

1151 2146 1212 2176 να
1236 2127 1407 2190 βούλει.

1206 2244 1260 2290 Β.
1292 2237 1495 2290 &vanua
1523 2241 1599 2289 ἐπὶ
1623 2239 1709 2302 τὴν
1728 2245 1817 2298 uk]
1839 2244 1896 2290 h.
1923 2259 1963 2292 e.

1149 2301 1207 2344 in
1235 2302 1388 2345 lecto
1417 2317 1474 2344 se
1502 2303 1755 2358 erigens.
1787 2302 1962 2345 Etenim

1150 2359 1381 2412 Socrates,
1417 2358 1560 2414 primo
1595 2360 1791 2403 diluculo
1811 2373 1839 2402 a
1863 2359 1962 2401 vin-

1149 2415 1262 2458 culis
1288 2416 1529 2469 liberatus,
1568 2416 1763 2459 nondum
1793 2430 1818 2458 e
1842 2417 1960 2459 lecto

1148 2478 1420 2525 surrexerat3
1461 2487 1576 2515 nunc
1604 2472 1832 2515 sedendo
1819 2487 1865 2515 m
1893 2474 1960 2515 le-

1149 2535 1220 2573 cto
1259 2530 1475 2598 erigitur-3
1531 2544 1634 2572 mox
1670 2530 1852 2586 καθῆκε
1895 2526 1958 2573 τὰ

1150 2587 1283 2655 σκέλη
1305 2583 1399 2631 ozni:
1425 2587 1509 2643 τῆς
1528 2587 1683 2656 κλίνης
1711 2587 1792 2630 καὶ
1815 2589 1959 2632 καθε-

1148 2640 1339 2715 ζόμενος
1352 2640 1499 2694 οὕτως
1519 2638 1611 2699 ἤδη
1631 2639 1688 2687 τὰ
1708 2640 1848 2688 zoam
1865 2646 1957 2689 διε-

1147 2699 1331 2757 λέγετοᾘ
1371 2701 1528 2756 ltaque
1551 2700 1655 2743 ferri
1686 2715 1773 2744 non
1797 2706 1957 2772 potest,

1148 2759 1264 2815 quod
1305 2759 1443 2815 vulgo
1473 2759 1718 2826 ‘legebatur
1763 2759 1829 2810 εἰς
1868 2775 1926 2815 τη
1928 2775 1958 2803 ν

1144 2818 1324 2871 κλίνην,
1353 2814 1560 2870 quoniam
1582 2815 1764 2868 ἵζεσθαι
1795 2820 1841 2859 et
1871 2828 1954 2860 κα·

1143 2874 1294 2925 θίζειν
1329 2872 1413 2923 εἴς
1431 2888 1475 2916 τι
1515 2878 1583 2915 est
1623 2881 1837 2916 sessum
1865 2873 1958 2916 ire

1143 2931 1375 2985 aliquo.
1416 2929 1462 2972 id
1493 2931 1610 2986 quod
1637 2934 1843 2974 accurate
1873 2930 1954 2972 do-

1143 2987 1256 3033 cuit
1272 2986 1605 3031 Valckenar.
1645 2987 1701 3030 ad
1736 2986 1950 3030 Herodot.

1103 3073 1119 3087 o
1140 3043 1256 3086 VIII
1274 3043 1346 3086 71.
1375 3035 1489 3087 Rem
1515 3057 1598 3087 acu
1607 3044 1764 3112 tetigit
1783 3044 1952 3086 Hein-

1140 3101 1168 3143 d
1181 3115 1207 3144 ο
1221 3102 1307 3154 τῇ,
1349 3101 1421 3143 cui
1453 3116 1539 3144 non
1576 3099 1704 3144 video
1737 3115 1826 3156 quo
1850 3100 1950 3144 iure

1136 3159 1390 3202 adversatus
1409 3158 1467 3201 sit
1489 3159 1542 3200 W
1554 3172 1579 3200 o
1589 3158 1607 3199 l
1619 3158 1662 3199 f·
1648 3173 1663 3200 1
1678 3172 1706 3199 ιι
1719 3172 1751 3200 s.

1136 3271 1164 3314 d
1173 3210 1597 3315 uvg{130ff'effssgfl]⁰;¹¹
1609 3219 1663 3313 tl?
1677 3213 1802 3314 {72¹⁸
1787 3227 1950 3328 ιέἒύῃσῖ

1135 3343 1293 3380 σοντες
1324 3324 1421 3384 ἅμα
1459 3325 1544 3386 τὴν
1577 3325 1765 3385 τάφρον
1797 3326 1947 3372 ἐπλίν·

1133 3389 1294 3431 θενον.
1339 3386 1587 3455 Xenoph.
1624 3385 1946 3437 Anab.111.3‚

1133 3444 1176 3487 7.
1223 3441 1470 3501 φεύγοντες
1519 3437 1618 3500 ἅμα
1657 3440 1944 3500 ἐτίτρωσκον.

2028 3525 2032 3566 ἓ

2024 3570 2040 3646 ἰ
