2040 3646
1645 181 1752 224 XXI

60 326 252 386 pientiae
272 319 529 376 ueritatem,
572 325 636 366 ita
659 326 724 366 est
742 325 981 374 tractatus,
1023 327 1072 365 ut
1105 322 1226 365 vitae
1255 325 1298 364 et
1326 321 1545 365 libertatis
1571 319 1744 378 pericu-

55 413 156 459 lum
188 410 466 455 subeundum
491 413 619 452 esset.
687 408 801 452 Nam
836 421 973 462 quum
1008 406 1138 450 Plato
1174 406 1360 450 liberius
1392 406 1741 463 reprehendisset

43 498 104 550 ,in
123 496 386 554 quibusdam
404 497 538 539 rebus
551 492 755 550 Dionysii
783 492 1061 544 violentiam,
1101 495 1310 548 tyrannus
1344 507 1449 536 eum
1474 491 1740 535 interficien-

57 584 164 627 dum
183 582 415 626 statuebat.
475 581 741 636 Quanquam
765 591 869 623 vero
892 581 1095 620 exoratus
1116 591 1143 619 a
1167 576 1310 619 Dione
1327 576 1464 620 vitam
1493 577 1536 622 ei
1561 591 1738 623 conces-

53 669 137 722 sit,
196 673 344 713 tamen
370 680 458 708 non
489 664 554 708 ita
580 665 814 706 obsecutus
845 667 912 705 est
931 661 1085 707 Dionis
1111 661 1343 718 precibus,
1399 666 1451 708 ut
1481 660 1737 721 philosophi

51 754 307 797 libertatem
332 765 420 794 non
445 749 745 795 ulcisceretur.
802 747 979 792 Addixit
1001 747 1120 789 enim
1143 745 1273 795 iuum
1294 746 1340 793 in
1363 745 1621 795 servitutem
1642 747 1736 790 cui-

53 839 157 883 dam
174 833 523 884 Lacedaemonio
557 846 745 888 eumque
772 832 903 880 vendi
926 831 1068 879 iussit.
1124 832 1280 894 Itaque
1309 832 1438 875 Plato
1468 833 1524 877 ab
1553 832 1735 878 homine

52 936 208 982 parum
226 923 452 969 mansueto
480 918 693 968 abductus
718 917 764 961 in
781 917 998 974 Aeginam
1021 921 1110 970 est,
1147 916 1228 965 ubi
1245 922 1393 968 tamen
1421 931 1523 969 eum
1546 917 1734 961 Anniee⁴

51 1007 114 1053 ris
131 1008 407 1065 Cyrenaeus,
439 1004 538 1057 vel,
573 1008 622 1046 ut
649 1003 728 1052 alii
760 1006 966 1054 narrant,
1008 1002 1095 1045 Dio
1121 1001 1450 1059 Syracusanus,
1493 1001 1637 1058 pretio
1659 1015 1730 1044 so—

47 1095 144 1137 luto
172 1092 220 1134 in
246 1090 497 1134 libertatem
524 1087 782 1143 restio-w).
840 1086 1065 1143 Superatis
1095 1086 1306 1130 itinerum
1332 1064 1548 1129 molestiis
1582 1090 1625 1129 et
1655 1102 1728 1142 pe-

47 1176 201 1222 riculis
233 1175 281 1227 in
306 1174 495 1234 patriam
524 1173 658 1225 rediit
692 1172 982 1235 philosophus
1032 1172 1209 1242 olymp.
1246 1172 1440 1224 XCVIII.
1467 1171 1528 1225 in.
1558 1164 1726 1221 388;·a.

48 1263 154 1307 Chr.
177 1276 220 1306 n.
445 1262 448 1265 ⁴
884 1277 889 1282 ’

212 1347 279 1391 Ex
311 1360 398 1402 quo
436 1348 633 1401 tempore
679 1343 905 1387 doctrinae
939 1343 1113 1400 copias,
1155 1357 1266 1400 quas
1296 1342 1345 1387 in
1365 1342 1729 1407 ‘peregrinatione

46 1447 222 1479 nummo,
239 1431 327 1480 sibi
348 1430 491 1474 studio
512 1433 764 1486 paraverat,
793 1428 1002 1484 Athenis,
1031 1429 1112 1472 ubi
1134 1433 1261 1480 natus
1289 1429 1585 1484 educatusque
1618 1433 1727 1485 erat,

47 1518 268 1576 explicare
287 1515 489 1564 instituit.
546 1514 709 1564 Docuit
733 1513 853 1566 enim
871 1513 1057 1562 iuvenes
1071 1513 1382 1572 philosophiae
1412 1514 1558 1562 studia
1578 1528 1730 1557 aemu÷

45 1605 186 1649 lantes
214 1606 338 1651 tanta
365 1615 467 1648 eum
500 1600 656 1655 laude,
713 1603 763 1646 ut
787 1614 889 1642 mox
918 1613 1059 1643 novae
1092 1599 1289 1652 familiae
1311 1602 1466 1644 auctor
1487 1599 1729 1652 exsisteret,

44 1703 158 1746 quae
190 1691 343 1745 postea
395 1687 455 1730 ab
490 1700 543 1729 eo
580 1686 706 1738 loco,
749 1683 798 1727 in
829 1699 916 1741 qno
947 1685 1162 1739 docebat,
1210 1685 1477 1737 Academica
1509 1684 1729 1741 appellata

46 1775 192 1830 est”).
249 1764 487 1821 Praeterea
519 1784 627 1820 vere
655 1769 792 1820 etiam
825 1769 1018 1820 condidit
1048 1770 1288 1830 sapientiae
1317 1767 1601 1816 monumenta
1629 1771 1728 1826 plu-

45 1859 184 1912 rima,
214 1871 351 1920 quae,
393 1856 434 1899 si
457 1857 529 1905 vel
555 1856 651 1907 sola
681 1859 986 1912 superessent,
1024 1855 1196 1912 ingenii
1223 1855 1363 1903 divini
1390 1855 1728 1906 admirationem

47 1958 265 1990 summam
296 1945 473 1999 possent
504 1940 708 1985 excitare.
764 1940 878 1984 Nam
909 1940 996 1983 nisi
1025 1941 1140 1988 fallit
1165 1955 1345 1996 prorsus
1378 1941 1729 1997 coniecturam),

51 2029 155 2073 inde
181 2029 238 2071 ab
257 2028 345 2071 hoc
370 2031 565 2081 tempore
587 2025 780 2067 scribere
799 2030 877 2069 aut
895 2030 1013 2069 certe
1033 2025 1234 2069 emittere
1258 2025 1401 2082 coepit
1417 2027 1726 2077 Theaetetum,

43 2112 322 2170 Sophistam,
348 2109 616 2171 Politicum,
641 2109 975 2170 Parmenidem,
1011 2110 1059 2161 in
1085 2109 1247 2177 quibus
1271 2109 1402 2165 libris
1435 2110 1724 2161 solentino

103 2359 144 2413 ·)
179 2356 230 2402 V.
258 2355 427 2412 Diog.
454 2355 639 2400 Laert.
667 2355 751 2405 III.
789 2355 861 2400 2⁰.
903 2354 1057 2412 ibique
1097 2356 1270 2406 Mena
1285 2370 1331 2414 g.
1359 2354 1529 2414 p.,115.,
1553 2354 1641 2399 146
1660 2370 1723 2412 sq.

211 2413 516 2460 Plutarch.
543 2413 675 2456 Dion.
704 2429 744 2469 p.
767 2411 853 2460 959
881 2427 973 2468 sqq.
1003 2413 1207 2458 Cicero
1235 2414 1289 2460 de
1313 2414 1438 2463 Orat.
1460 2414 1541 2460 111.
1570 2412 1641 2457 34.
1664 2415 1723 2459 al.

217 2468 431 2526 Quamvis
470 2475 620 2516 autem
642 2470 696 2516 de
732 2470 804 2515 his
841 2484 1016 2526 quoque
1052 2472 1186 2520 rebus
1230 2471 1495 2527 scriptorum
1522 2475 1726 2520 veterum

217 2525 492 2572 narrationes
527 2525 719 2571 maxime
750 2527 1021 2583 discrepent,
1081 2532 1228 2575 tamen
1264 2542 1414 2573 omnes
1451 2527 1727 2576 consentiunt

215 2584 451 2628 Platonem
475 2583 750 2639 aliquamdiu
769 2585 1000 2640 Syracusis
1025 2590 1346 2632 commoratum
1371 2590 1547 2642 postea,
1588 2598 1726 2644 quum

216 2640 263 2685 in
288 2640 438 2683 odium
475 2640 649 2696 tyranni
677 2641 958 2694 incurrisset,
1012 2642 1116 2690 inde
1149 2642 1400 2685 discessisse
1425 2655 1589 2698 magno
1622 2655 1725 2686 cum

216 2696 416 2754 periculo
437 2696 555 2739 vitae
572 2703 616 2740 et
635 2696 868 2742 libertatis.
926 2700 1080 2754 Itaque
1112 2699 1225 2747 haec
1256 2703 1374 2745 certe
1404 2699 1588 2742 tenenda
1609 2703 1724 2749 aunt,

218 2759 269 2796 ut
298 2759 443 2803 cetera
465 2759 674 2800 exornata
703 2754 790 2802 sint
811 2756 1060 2802 fabularum
1080 2756 1334 2806 involucris.
1391 2757 1600 2799 Ceterum
1633 2755 1724 2796 col-

215 2809 418 2865 loquium
451 2810 566 2852 illud
604 2811 859 2867 philosophi
897 2827 1000 2855 cum
1039 2812 1251 2870 Dionysio
1296 2828 1370 2878 ap.
1406 2811 1724 2876 Olympio&

217 2882 262 2926 p.
288 2864 373 2909 587
390 2881 484 2928 sqq.
514 2867 682 2915 seriore
702 2874 899 2925 tempore
925 2868 1160 2921 confictum
1182 2876 1265 2921 cst.
1494 2875 1496 2877 ’

103 2951 166 3007 **)
194 2951 247 2999 V.
275 2950 435 3010 Diog.
462 2951 646 3000 Laert.
676 2953 762 3001 111.
789 2951 834 3003 5..
860 2952 933 3002 2⁰¹·

105 3049 184 3106 W)
213 3049 341 3104 Quae
361 3049 439 3097 hic
458 3052 503 3093 et
523 3050 635 3099 alibi
652 3052 706 3098 de
726 3056 949 3109 tempore,
991 3068 1080 3113 qno
1101 3053 1252 3109 scripti
1279 3054 1367 3102 sint
1383 3052 1492 3099 libri
1509 3051 1722 3102 Platonis,

215 3111 263 3148 et
289 3106 345 3147 de
362 3106 529 3159 ordine,
553 3123 641 3163 quo
659 3123 707 3151 se
741 3110 1010 3165 exceperint,
1051 3110 1392 3166 disputavimus,
1428 3124 1482 3152 ea
1513 3109 1722 3163 quoniam

213 3162 462 3218 longiorem
486 3164 719 3219 requirunt
746 3166 1084 3221 disputationem
1111 3181 1243 3225 quam
1275 3172 1324 3210 ut
1351 3168 1438 3209 hoc
1466 3168 1563 3208 loco
1584 3165 1723 3219 possit

210 3219 495 3276 pertractari,
516 3221 632 3272 =alibi
651 3223 871 3278 copiosius
891 3214 1235 3268 illustrabimust
1279 3238 1394 3271 nunc
1416 3222 1568 3278 paucis
1592 3236 1723 3276 expo-

215 3290 321 3320 nere
338 3276 486 3322 visum
506 3282 596 3330 est,
636 3285 685 3321 ut
711 3293 1077 3335 cognosceremus
1112 3280 1279 3323 iudicia
1304 3281 1500 3321 virorum
1531 3278 1723 3321 erudito-

215 3346 343 3382 rum,
400 3333 477 3387 qui
506 3340 550 3376 et
577 3335 808 3379 Platonem
835 3336 1073 3393 diligenter
1115 3336 1528 3387 lectitassent,
1583 3348 1725 3389 neque

212 3388 537 3449 praeiudicata·
566 3398 850 3448 sequerentur
877 3393 1116 3453 opiniones.
