2040 3646
710 170 1145 222 SYMPosmM.
1706 174 1775 230 59

93 315 202 369 τῶν
222 309 474 388 γενναίαν
499 309 706 385 <ptum
749 309 845 384 μία
879 305 950 387 61)
979 307 1215 366 λείπεται
1244 311 1321 389 τῷ
1353 303 1594 389 ἡμετέρω
1621 304 1774 390 νόμω

95 393 256 467 ὁδός.
300 419 347 453 ει
334 395 550 471 ’μέλλει
582 397 762 465 καλῶς
789 398 1097 469 χαριεῖσθαι
1134 392 1334 468 ἐραστῇ
1363 390 1605 450 παιδικά.
1663 392 1775 450 ἔστι

94 503 198 558 γαρ
223 477 363 559 ἡμῖν·
377 478 573 554 νόμος,
617 474 792 552 ὥςπερ
830 478 914 535 ἐπὶ
949 483 1064 549 τοῖς
1097 476 1344 552 ἐρασταῖς
1379 466 1451 555 ἦν
1487 476 1774 536 δουλεύειν
1822 522 1834 531 ..

96 563 414 624 ἐθέλοντα
383 585 644 644 ηντινουν
672 563 929 620 δουλείαν
961 564 1234 632 παιδικοῖς
1259 558 1335 639 μή
1369 563 1659 620 κολακείαν
1697 569 1772 620 εἰ-
1797 571 1842 624 C

96 671 188 708 ναι
212 650 348 728 μηδὲ
375 648 755 720 ἐπονείδιστον,
797 643 945 705 οὕτω
970 643 1040 725 δὴ
1063 646 1156 703 καὶ
1182 642 1325 724 ἄλλη
1344 646 1440 720 μία
1466 645 1608 724 ιιόνη
1635 650 1773 705 δου-

93 735 213 792 λειά
233 731 488 804 ἑκούσιος
511 732 744 790 λείπεται
779 729 886 790 οὐκ
923 730 1300 803 ἐπονείδιστος·
1357 725 1499 810 αὕτη
1535 730 1596 790 δέ
1632 731 1776 790 ἐστιν

18 892 21 896 ¹
93 816 131 899 ἡ
154 819 278 897 πδρὶ
299 814 401 896 τὴν
425 838 634 896 0608qu-

266 902 568 1005 Cap.X1.
656 898 990 974 Νενόμισται
1010 894 1114 976 γὰρ
1136 894 1213 976 δὴ
1231 894 1390 976 ἡμῖν,
1433 896 1527 957 ἐάν
1544 921 1626 971 τις
1648 898 1773 958 ἐθέ-

96 990 166 1060 λῃ
204 1008 324 1044 τινα
348 981 678 1090 θεραπεύειν
713 981 956 1062 ἡγούιιει
957 1005 1020 1054 ος
1055 979 1125 1041 δι’
1152 981 1356 1041 ἐκεῖνον
1390 978 1622 1058 αμείνων
1657 983 1774 1042 εσε-

96 1066 295 1128 σθαιἯ
257 1094 293 1150 η
319 1093 452 1128 κατα
478 1069 685 1172 σρφίαν
708 1065 827 1126 τινὰ
851 1091 887 1146 η
882 1063 1051 1124 κατὰ
1081 1064 1274 1125 ἄλλο
1243 1071 1437 1126 οτιοῦν
1457 1067 1622 1143 μέρος
1645 1090 1772 1143 αρε-

96 1159 226 1232 τῆς,
282 1151 423 1234 αὕτη
469 1155 615 1232 αὐη
665 1152 1051 1257 ἐξελοδουλεία
1085 1149 1193 1210 οὐκ
1231 1148 1427 1229 αἰσχρα
1468 1159 1604 1211 εἰναι
1637 1149 1774 1211 οὐδὲ

97 1240 371 1297 κολακεία.
434 1242 520 1297 δεῖ
547 1235 617 1317 δὴ
652 1234 726 1295 τώ
761 1235 911 1312 νόμω
944 1234 1120 1294 τούτω
1156 1233 1448 1312 ξυμβαλεῖν
1484 1238 1561 1309 εἰς
1584 1234 1772 1309 ταύτό,

97 1321 195 1382 τόν
222 1346 276 1382 τε
302 1323 426 1398 περὶ
447 1320 583 1402 τὴν.
567 1322 953 1398 παιδεραστίαν
984 1322 1077 1379 καὶ
1114 1317 1210 1380 τὸν
1240 1322 1365 1397 περὶ
1402 1318 1503 1399 τὴν
1534 1326 1773 1399 φιλοσο-
1795 1329 1853 1382 D

97 1408 235 1485 φίαν
255 1431 310 1467 τε
333 1409 427 1466 καὶ
448 1406 548 1487 τὴν
570 1405 742 1486 ἄλλην
765 1405 994 1485 ἀρετήν,
1037 1407 1085 1464 εἰ
1106 1405 1284 1481 μέλλει
1311 1404 1582 1485 ξυμβῆναι
1602 1404 1775 1465 καλὸν

93 1493 349 1571 γενέσθαι
371 1489 435 1550 τὸ
462 1493 659 1569 ἐραστῇ
684 1489 908 1549 παιδικὰ
930 1491 1281 1567 χαρίσασθαι.
1325 1487 1457 1550 ὅταν
1479 1489 1581 1568 γὰρ
1612 1493 1687 1563 εἷς
1710 1489 1775 1550 τὸ

96 1575 238 1636 αὐτὸ
262 1578 497 1637 ἔλθωσιν
517 1575 744 1656 ἐραστής
766 1599 821 1635 τε
851 1577 945 1634 καὶ
968 1574 1223 1650 παιδικά,
1274 1573 1448 1653 νόμον
1481 1576 1614 1654 ἔχων
1649 1575 1776 1635 {uo}-
1787 1591 1946 1804 ι

154 1798 260 1854 Cap.
280 1794 359 1843 XI.
415 1793 470 1842 τὸ
497 1795 665 1858 ἐραστῇ
685 1813 734 1842 π.
749 1797 1052 1857 χαρίσασθαι]
1083 1797 1158 1861 Sie
1176 1796 1304 1841 Vind.
1324 1796 1366 1840 2.
1387 1811 1470 1854 pro
1487 1798 1553 1858 τῷ
1580 1794 1644 1857 ἐρ.
1669 1812 1717 1841 π.
1733 1814 1776 1855 χ.

922 1944 925 1947 “
969 1939 1128 1982 ferus
1155 1938 1376 1993 Melett.p
1380 1938 1542 1994 .ql9s.
1572 1940 1637 1982 Cf.
1660 1940 1725 1995 Ap
1729 1954 1779 1981 0-

970 1998 1060 2053 log.
1088 1997 1209 2039 Socr.
1233 2007 1274 2051 p.
1297 1953 1376 2039 25p
1380 1971 1433 2038 Β.
1464 1954 1627 2039 Criton.
1650 2012 1691 2052 p.
1705 1996 1777 2039 47.

970 2055 1023 2096 Β.
1053 2053 1204 2109 Neque
1220 2053 1349 2094 aliter
1370 2052 1603 2107 scriptores
1615 2054 1778 2097 Latini.

99 1938 200 1981 dav
214 1953 277 1981 on
308 1939 434 1981 dass
453 1942 534 1981 etc.
565 1939 704 1980 Usum
722 1939 907 1994 loquen-

100 1996 145 2038 di
183 1996 402 2039 illustravi
431 1997 486 2039 ad
522 1996 710 2052 Apolog.
736 1997 905 2038 Sum-,at

99 2068 138 2095 c.
162 2054 315 2096 XXIV
342 2053 400 2095 in.
421 2060 464 2096 et
487 2053 542 2095 ad
563 2053 728 2096 Criton.
764 2055 904 2096 c.111.

98 2109 160 2153 in.

149 2166 206 2223 vC.
261 2161 383 2210 οὕτω
404 2163 461 2220 δὴ
487 2164 566 2209 καὶ
579 2160 701 2220 ἄλλη
723 2164 809 2221 μία
827 2181 872 2221 μ.
886 2165 903 2220 ]

98 2224 220 2266 Inest
230 2223 301 2265 his
315 2223 460 2265 verbis
476 2224 759 2265 anacoluthia
775 2236 909 2277 quae-

100 2280 216 2322 dam.
274 2280 454 2323 Plenius
484 2280 602 2322 enim
637 2284 681 2322 et
719 2279 910 2321 strictio-

99 2351 150 2380 re
173 2338 410 2380 verborum
443 2336 646 2380 iunctura
675 2337 909 2379 dicendum

100 2397 220 2436 erat.
251 2409 372 2438 ουτω
396 2392 454 2449 δὴ
467 2410 543 2437 και
531 2391 629 2437 ἐπὶ
643 2397 739 2443 τοῖς
755 2394 909 2436 παιδι-

98 2454 214 2520 nqis,
243 2450 384 2507 ἄλλην
400 2451 510 2505 μίαν
532 2448 679 2514 μόνην
700 2451 913 2495 δουλείαν

101 2503 189 2552 οὐκ
213 2505 526 2552 ἐπονείδιστον
547 2505 680 2552 εἶναι.
722 2509 821 2550 Hoc
834 2521 914 2550 au-

101 2569 194 2607 tem
215 2565 304 2609 sibi
326 2565 442 2608 vult.
473 2565 651 2609 etlam
679 2569 912 2621 praeter

99 2620 285 2675 illam,
341 2635 508 2677 quam
546 2628 716 2666 antea
743 2636 767 2663 c
786 2635 813 2664 o
834 2635 912 2663 ιιι-

104 2679 634 2735 memoraverit,
713 2692 912 2723 unam

104 2748 342 2790 eamque
393 2736 573 2778 solam
616 2750 742 2779 esse
787 2749 910 2779 ser-

103 2791 381 2846 vitutem,
440 2806 580 2846 quae
616 2809 676 2836 το
691 2795 742 2842 ῖς
770 2807 909 2835 παι-

105 2848 306 2898 δικοῖς
362 2849 584 2893 nullam
640 2863 668 2893 a
687 2850 827 2891 ffer
848 2852 911 2892 at

105 2904 503 2974 ignominiam.
561 2906 657 2962 Itaq
660 2920 715 2948 ue
735 2920 823 2948 non
844 2909 911 2948 est

103 2962 222 3030 quod
247 2976 326 3017 pro
353 2955 462 3018 ἄλλη
480 2976 582 3005 cum
598 2963 743 3007 Schu
757 2962 871 3004 etzi
885 2976 912 3005 o

101 3014 288 3068 τούτοις
330 3019 588 3062 scribamus.
643 3020 790 3063 Multo
824 3019 913 3062 mi-

104 3089 188 3118 nus
211 3075 346 3117 etiam
370 3076 596 3130 probanda
626 3081 692 3118 est
723 3078 761 3119 B
770 3090 797 3119 a
808 3090 827 3117 s
840 3075 883 3117 ti
892 3075 910 3118 ἰ

104 3131 356 3174 coniectura
368 3163 382 3184 ‚
422 3132 499 3188 qui
530 3147 609 3188 pro
639 3133 724 3189 μία
757 3134 913 3188 legen-

13 3238 17 3243 ,
105 3189 212 3230 dum
244 3188 415 3231 censuit
439 3190 639 3261 νομίμη.
687 3190 801 3235 Nam
802 3165 914 3232 el'rea-
965 3203 977 3213 ⁴

23 3280 27 3283 .
104 3246 290 3312 quenter
309 3242 373 3294 εἷς
381 3242 555 3312 μόνος,
584 3246 670 3302 μία
696 3243 831 3302 μόνη,
858 3242 912 3289 ὲν

102 3298 250 3357 μόνον
296 3301 564 3346 coniunctim
612 3303 716 3371 poni
770 3303 911 3346 solere

104 3358 348 3415 docuerunt
378 3359 700 3403 Thiersch'
686 3375 773 3403 lus
802 3360 862 3415 Sp
866 3374 913 3402 e·-

105 3414 207 3462 cim.
235 3412 356 3460 erit.
385 3431 427 3475 Ρ.
456 3415 591 3474 47sq.
622 3422 665 3462 et
694 3376 912 3464 Schape-

972 2111 1195 2153 Terent.
1223 2109 1409 2164 Adelph.
1432 2111 1481 2151 V.
1514 2110 1557 2162 3,
1587 2111 1657 2153 46.
1688 2125 1780 2154 so-

970 2168 1085 2210 lum
1113 2181 1281 2208 unum
1320 2167 1425 2209 hoc
1452 2167 1663 2209 vitium
1690 2169 1781 2211 af-

970 2225 1087 2266 fert
1113 2223 1464 2268 hominibus.
1504 2224 1701 2266 Cicero
1730 2225 1779 2267 in

972 2280 1121 2324 Pison.
1145 2280 1264 2323 c.40.
1293 2280 1450 2322 cives
1479 2281 1722 2324 Romani
1749 2306 1782 2315 -

973 2332 1027 2381 te
1065 2351 1234 2380 unum
1263 2338 1447 2379 solum
1483 2352 1643 2380 suum
1681 2339 1783 2381 de·-

973 2395 1384 2450 peculatorem‚
1424 2401 1781 2448 vexatorem,

973 2452 1341 2518 praedonem,
1397 2451 1628 2495 hostem
1683 2467 1783 2495 vc-

976 2507 1136 2550 nisse
1186 2513 1504 2553 senserunt.
1573 2511 1782 2552 Ceterum

976 2566 1126 2621 paullo
1149 2571 1250 2607 ante
1281 2562 1505 2608 ἐθέλοντα
1536 2581 1689 2608 rursus
1717 2567 1784 2610 ita

976 2622 1142 2664 dictum
1159 2627 1238 2676 est,
1266 2626 1316 2665 ut
1331 2621 1550 2678 significet
1572 2628 1780 2678 sponte.

975 2693 1017 2722 v.
1050 2692 1181 2734 supra
1210 2678 1266 2721 ad
1309 2694 1350 2734 p.
1381 2678 1476 2723 183.
1507 2680 1558 2723 A.
1629 2680 1784 2735 Neque

974 2750 1086 2790 opus
1113 2739 1179 2777 est
1203 2750 1304 2778 cum
1338 2735 1408 2779 As
1425 2735 1506 2779 tio
1535 2734 1786 2787 ἐθέλοντας

974 2792 1220 2848 corrigere,
1277 2807 1415 2861 quum
1466 2792 1514 2834 in
1549 2794 1784 2849 participio

973 2849 1212 2904 singularis
1228 2863 1400 2891 numen
1409 2863 1636 2904 personae
1649 2865 1783 2905 quam

974 2910 1158 2958 vocant,
1212 2905 1465 2951 indefinitae
1509 2907 1784 2974 ‘significatio

974 2962 1104 3015 insit,
1156 2961 1220 3005 ita
1255 2966 1305 3004 ut
1335 2963 1552 3009 sententia
1578 2964 1785 3006 universe

974 3018 1236 3062 enuntietur.
1267 3034 1308 3065 v.
1334 3020 1390 3062 ad
1406 3019 1572 3065 Criton.
1591 3036 1635 3079 Ρ.
1647 3020 1716 3066 43.
1731 3022 1784 3064 0.

974 3090 1022 3134 Ρ.
1039 3075 1138 3119 104.
1157 3076 1292 3118 huius
1316 3076 1419 3122 edit.

1026 3189 1235 3258 papan.
1265 3190 1322 3236 D.
1382 3184 1604 3247 ὅτανγὰρ
1634 3189 1700 3241 εἰς
1728 3186 1784 3240 τὸ

978 3241 1094 3290 αντὸ
1097 3205 1349 3303 Ρἔλθωσιν]
1415 3248 1593 3302 Quum
1632 3246 1788 3291 inter
1855 3278 1865 3290 .

978 3317 1039 3345 eo
1052 3318 1072 3345 s
1102 3317 1238 3346 conv
1251 3318 1315 3347 en
1329 3302 1452 3348 erit.
1482 3304 1589 3349 Mox
1615 3304 1788 3362 plenius

976 3359 1137 3403 dicitur
1187 3357 1366 3406 τούτων
1413 3358 1665 3413 ξυνιόντων
1723 3361 1790 3418 εἰς

976 3431 1149 3464 ταντον
1170 3417 1264 3464 τῶν
1283 3414 1453 3475 νόμων.
