2040 3646
281 168 372 231 -14
672 179 674 181 J
934 162 1340 217 PRAEFA’no

297 306 346 350 in
367 300 576 348 Phaedro
597 296 759 356 hysiae
773 297 1010 353 tribuitur,
1038 305 1117 344 aut
1150 299 1228 357 qui
1258 300 1465 344 Isocratis
1499 292 1762 347 Ειιιὲοιιιίιιιιι
1788 304 1989 349 Helenae

295 374 473 432 legerit.
530 368 687 426 Itaque
706 372 878 413 tantum
894 371 1047 424 abest,
1076 375 1127 414 ut
1147 360 1368 415 orationes
1405 371 1539 427 illae,
1585 379 1700 429 quae
1723 389 1751 418 a
1768 373 1986 430 Phaedro,

296 443 546 496 Pausania,
574 441 892 498 Eryximacho‚
919 438 1238 498 Aristophane,
1266 443 1502 505 Agathone
1537 443 1782 498 habentur,
1821 451 1989 490 temere

296 514 584 572 interpositae
605 513 719 565 sint,
746 516 796 556 ut
816 512 978 569 partim
1013 514 1326 568 praestantiam
1359 514 1523 559 amoris
1551 511 1773 559 Platonici
1806 516 1989 561 reddant

293 587 610 638 illustriorem,
638 584 800 640 partim
824 584 996 626 rideant
1025 585 1323 641 sophistarum
1345 582 1511 641 λόγους
1534 583 1796 646 ἕρώτικοῦς,
1825 588 1987 644 partim

298 658 526 720 opiniones
545 655 818 699 medicorum
837 659 882 698 ‘et
900 655 1269 720 philosophorum
1285 657 1339 699 de
1369 657 1532 700 amoris
1567 660 1728 720 natura
1755 664 1989 715 exponant,

295 738 385 787 quo
410 727 586 772 facilius
604 726 908 783 intelligatur,
939 731 1151 791 quantum
1178 715 1376 772 Platonis
1402 729 1618 772 sententia
1638 729 1732 772 ab
1718 729 1774 772 iis
1795 731 1986 783 recedat,

294 801 460 859 partim
480 790 669 855 denique
695 797 914 841 doceant
899 801 947 840 ιιι
969 798 1252 852 universum,
1282 800 1415 859 quam
1449 800 1597 843 variae
1627 799 1714 843 sint
1744 806 1787 843 et
1807 800 1943 844 inter
1940 815 1987 843 se

295 872 592 927 discrepantes
635 858 870 931 hominum
900 868 955 912 de
985 883 1035 911 re
1073 870 1208 926 longe
1242 869 1511 934 gravissima
1555 871 1808 915 sententiae.
1874 870 1989 915 Nam‘

291 942 490 990 Phaedri
513 941 693 997 quidem
715 927 856 983 oratio
880 928 1018 982 habet
1041 940 1189 983 neScio
1212 940 1356 996 quid·
1342 940 1485 984 manis
1509 942 1755 985 ornamenti
1779 935 1823 984 et
1847 942 1989 985 t'uc'ati

295 1014 476 1067 eoloris,
505 1016 555 1055 ut
583 1011 880 1068 sophistarum
900 1011 1122 1054 officinam
1145 1013 1275 1068 plane
1297 1011 1503 1054 redoleat.
1534 1011 1622 1054 vid.
1645 1014 1699 1056 ad
1720 1028 1811 1068 cap.
1830 1015 1900 1057 IV.
1930 1015 1984 1056 Β.

295 1090 340 1130 et
360 1085 501 1128 c.·v1.
531 1084 627 1126 init.
685 1082 928 1126 Pausanias
948 1086 1080 1142 porro
1101 1097 1214 1138 quae
1249 1083 1376 1136 dicit,
1405 1087 1459 1126 ea
1488 1084 1721 1140 vulgarem
1751 1086 1841 1127 t'ere
1873 1084 1984 1127 etin

292 1158 435 1215 vulgo
458 1156 719 1212 regnantem
736 1154 790 1195 de
807 1167 960 1196 amore
977 1153 1228 1208 opinionem
1251 1159 1484 1210 exponunt,
1512 1155 1578 1197 ita
1588 1146 1752 1208 tameti5
1778 1163 1827 1198 ut
1849 1155 1985 1198 etiam

294 1229 386 1272 alia
409 1241 547 1282 eaque
563 1226 724 1267 melior
751 1228 1122 1268 commemoretur
1147 1214 1200 1266 de
1219 1240 1370 1268 amore
1395 1226 1577 1268 coelesti
1599 1225 1827 1269 sententia.
1858 1223 1990 1269 Haec

292 1298 443 1343 omnia
465 1303 570 1340 'vero
593 1298 865 1340 conformata
901 1302 995 1338 'esse
1021 1295 1226 1338 videntur
1257 1296 1311 1338 ad
1342 1298 1589 1353 exemplum
1624 1298 1877 1350 rhetorum,
1908 1298 1988 1353 qui

289 1371 345 1415 in·
359 1363 672 1425 scriptionibus
693 1367 870 1410 eroticis
898 1367 952 1409 de
974 1366 1138 1408 amoris
1163 1367 1368 1409 laudibus
1393 1368 1616 1411 dixissem
1687 1362 1817 1423 Quod
1845 1368 1883 1411 si
1907 1374 1984 1411 *ve-³

288 1446 393 1485 rum
421 1446 511 1494 est,
541 1443 597 1482 ne
615 1439 702 1482 ista
722 1438 899 1494 quidem
924 1442 1075 1480 carent
1094 1438 1315 1481 irrisione.
1337 1453 1375 1482 v.
1400 1445 1547 1482 annot.
1568 1439 1623 1482 ad
1643 1454 1680 1482 c.
1709 1440 1824 1481 VIII.
1855 1439 1912 1483 int
1938 1445 1986 1483 et

287 1519 404 1570 quae
432 1512 596 1570 passim
632 1510 744 1553 alibi
773 1509 1022 1552 notavimus
1069 1495 1123 1552 ad
1159 1510 1406 1570 Pausaniae
1430 1511 1687 1553 orationem.
1774 1510 1984 1565 Sequitur

286 1583 579 1642 Eryximachi
607 1580 769 1624 medici
798 1579 955 1633 oratio,
986 1581 1230 1637 composita
1251 1581 1333 1624 illa
1364 1596 1541 1637 prorsus
1563 1581 1618 1623 ad
1640 1581 1981 1625 immitntionem

286 1662 443 1699 eorum
455 1688 468 1711 ,
499 1654 577 1710 qui
595 1662 732 1708 quum
752 1652 799 1694 in
818 1651 1034 1694 historiae
1054 1651 1269 1695 naturalis
1288 1658 1331 1694 et
1353 1652 1662 1708 philosophiae
1695 1653 1850 1695 studiis
1881 1655 1982 1695 ver-

286 1731 514 1778 serentur,
544 1725 678 1767 etiam
702 1726 909 1766 naturam
934 1724 1097 1766 amoris
1133 1724 1353 1779 explicare
1390 1724 1653 1766 conarentur
1680 1722 1743 1765 sic
1760 1759 1771 1780 ,
1814 1724 1863 1766 ut
1885 1724 1982 1766 eius

284 1797 379 1842 vim
399 1800 477 1853 per
499 1799 638 1838 totam
655 1799 806 1837 rerum
831 1794 1166 1838 universitatem
1203 1795 1420 1837 dominari
1448 1795 1737 1837 ostenderenta
1806 1795 1858 1836 In
1893 1809 1981 1850 quo

284 1869 466 1925 quidem
481 1871 744 1924 argumento
766 1869 901 1921 quum
915 1866 997 1908 illa
1014 1871 1157 1910 aetate
1174 1854 1356 1922 plurimi
1371 1867 1621 1908 elaborasse
1636 1865 1883 1918 videantur,
1905 1868 1983 1908 ne-

282 1944 360 1985 mo
380 1944 446 1982 est
478 1939 586 1994 quin
617 1945 798 1981 causam
834 1937 1085 1995 intelligat,
1126 1953 1205 1980 cur
1234 1939 1362 1980 Plato
1398 1938 1516 1979 hane
1549 1937 1794 1979 orationem
1825 1937 1984 1979 ceteris

284 2009 602 2055 interseruerIt.
661 2009 816 2064 Neque
840 2008 957 2050 enim
978 2014 1149 2064 poterat
1175 2008 1339 2065 placita
1361 2022 1515 2050 eorum
1545 2008 1722 2051 silentio
1758 2007 1983 2050 transmit-

283 2084 394 2135 tere,
425 2081 502 2137 qui
517 2081 572 2122 de
595 2081 680 2123 hac
698 2084 748 2122 re
775 2079 999 2122 iudicandi
1019 2082 1275 2124 facultatem
1297 2079 1384 2121 sibi
1405 2079 1597 2122 maxime
1616 2067 1907 2122 vindicarent.
1935 2094 1978 2123 v.

282 2157 430 2198 annot
465 2144 521 2196 ad
564 2166 601 2196 c.
641 2152 740 2194 ΧΠ.
781 2151 842 2193 in.
922 2151 1009 2193 Sed
1038 2166 1094 2195 ne
1123 2152 1236 2193 haec
1279 2139 1458 2206 quidem
1498 2150 1785 2207 Eryxiniachi
1818 2139 1978 2202 oratio,

282 2224 484 2281 quamvis
509 2213 703 2279 plurima
723 2221 943 2265 contineat
963 2219 1182 2276 sapienter
1210 2224 1253 2263 et
1284 2226 1414 2264 acute
1434 2222 1712 2278 excogitata,
1741 2227 1870 2264 vacat
1889 2221 1981 2264 iro-

278 2296 379 2349 1iia5
407 2295 454 2338 id
477 2296 596 2350 quod
618 2296 691 2337 vel
722 2309 774 2336 ex
809 2292 1126 2335 sententiarum
1160 2291 1314 2352 ordine
1350 2296 1393 2335 et
1421 2281 1805 2350 coagmentatione
1830 2286 1978 2348 patet}

279 2368 335 2410 de
357 2381 446 2423 qua
460 2381 510 2408 re
535 2365 762 2408 diximus·
748 2380 793 2407 m
817 2366 965 2406 annot.
1002 2362 1058 2405 ad
1080 2363 1325 2407 c.X11,c.
1367 2368 1411 2406 ct
1452 2365 1509 2406 al.
1579 2363 1898 2420 Progredimur
1921 2363 1979 2405 ad

277 2439 529 2481 orationem
556 2435 880 2492 Aristophanis·
939 2431 995 2476 Et
1019 2434 1140 2475 hunc
1164 2434 1343 2488 quidem
1371 2449 1501 2477 nemo
1520 2440 1584 2477 est
1608 2435 1713 2491 quin
1733 2435 1878 2477 videat
1901 2439 1977 2475 'eo-

275 2523 380 2552 rum
398 2509 562 2579 placito
584 2509 774 2551 formam
794 2494 993 2549 induisse
1016 2494 1278 2560 ridiculam,
1311 2505 1386 2561 qui
1406 2507 1577 2548 marem
1597 2508 1728 2561 atque
1763 2504 1976 2548 feminam

275 2581 405 2636 quasi
425 2577 654 2637 σύμβολον
678 2568 897 2635 quoddam
923 2584 1018 2619 esse
1040 2575 1263 2619 dixissent.
1338 2579 1468 2632 Quod
1506 2577 1582 2632 qui
1614 2575 1823 2627 fecerint,
1853 2578 1977 2631 pate-

275 2652 346 2695 bit
371 2659 424 2694 ex
443 2656 592 2694 annot.
627 2651 681 2692 ad
708 2649 873 2692 c.xvl.
899 2648 995 2690 init.
1067 2646 1227 2690 Obiter
1252 2651 1382 2703 pocta
1402 2647 1597 2690 comicus
1620 2645 1755 2690 etiam
1782 2647 1974 2690 aliorum

274 2722 537 2779 perstringit
558 2721 808 2777 opiniones,
837 2734 892 2762 ne
913 2708 969 2762 iis
995 2708 1173 2774 quidem
1195 2707 1387 2774 exceptis
1401 2751 1412 2771 ,
1443 2719 1519 2774 qui
1540 2725 1641 2761 ante
1670 2719 1814 2775 ipsum
1834 2720 1974 2762 verba

273 2793 497 2836 fecissent.
533 2807 575 2835 v.
615 2806 657 2847 p.
689 2787 788 2835 189.
832 2791 884 2833 A.·
955 2790 1176 2845 Quocirca
1208 2792 1379 2832 tantum
1417 2792 1566 2843 abest,
1604 2796 1654 2834 ut
1685 2791 1799 2832 hacc
1830 2790 1972 2832 oratio

273 2864 451 2907 nonnisi
480 2863 595 2906 risus
618 2852 823 2906 movendi
847 2876 980 2905 causa
999 2862 1166 2906 inserta
1185 2861 1266 2914 sit,
1306 2868 1355 2905 ut
1387 2862 1622 2922 patefaciat
1650 2862 1866 2904 rationem
1898 2864 1974 2903 've-

272 2939 421 2977 terum
449 2936 724 2990 quorundam
743 2934 1111 2990 philosophorum
1136 2934 1322 2976 fortasse
1343 2933 1633 2988 scriptoribus
1653 2933 1831 2975 eroticis
1850 2932 1970 2974 iliius

273 3007 429 3049 aetatis
450 3006 688 3049 admodum
713 3006 1008 3057 celebratam,
1039 3019 1257 3060 eamque
1245 2987 1395 3060 aperte
1426 3004 1579 3046 rideat.-
1650 3005 1805 3066 Restat
1829 3003 1971 3045 oratio

271 3077 523 3145 Agathouis
539 3113 550 3134 ‚
591 3067 725 3132 quam
774 3075 940 3117 referre
982 3075 1108 3130 quasi
1152 3075 1343 3131 speciem
1385 3080 1428 3118 et
1471 3077 1658 3117 faunam
1704 3074 1971 3129 ineptiarum

272 3148 502 3213 omnium,
531 3140 693 3203 quibus
723 3146 947 3203 sophistae
986 3147 1204 3189 orationes
1242 3148 1342 3189 suas
1380 3149 1589 3201 tanquam
1628 3145 1873 3188 luminibus
1903 3145 1972 3187 di-

271 3210 499 3276 stinguere
528 3219 752 3270 solebant,
781 3220 937 3260 caecus
967 3217 1026 3260 sit
1062 3231 1143 3259 ne«
1145 3231 1240 3260 esse
1269 3221 1336 3259 est
1365 3222 1408 3260 et
1436 3217 1599 3259 inentis
1635 3217 1731 3259 acie
1760 3205 1971 3283 praestri-

269 3295 392 3343 ctus‚-
433 3291 511 3346 qui
549 3295 638 3333 non'
677 3289 839 3332 videat.
911 3289 1090 3331 Etenim
1127 3294 1208 3345 pro
1247 3276 1554 3345 magnitudine
1593 3292 1813 3330 tumorem
1841 3288 1887 3330 ἱιι
1915 3295 1968 3330 'ea

267 3361 493 3419 reperiasf
519 3376 603 3420 pro
630 3359 837 3407 acumine
862 3347 1069 3417 putidum
1105 3359 1388 3418 argutiarum
1416 3358 1585 3418 frigus·
1574 3382 1589 3415 ,-
1628 3363 1711 3417 pro
1743 3358 1872 3417 eopia
1901 3357 1970 3403 di-
