2040 3646
273 191 312 252 4
914 152 1314 234 PRAEFA‘rm

276 321 469 374 amoris,
498 331 630 375 quam
647 315 742 373 ipse
761 315 936 361 Socrati
954 315 1000 359 in
1022 315 1124 359 aliis
1142 315 1272 359 libris
1289 315 1575 372 adspersisset
1593 315 1668 359 vel
1693 315 1775 360 alii
1791 315 1845 373 in
1859 330 1964 359 eum

279 390 589 442 eontulissent,
626 390 683 431 ab
707 402 761 430 eo
789 389 1088 444 abstergeret,
1118 391 1163 430 et
1179 391 1230 430 ut
1248 392 1362 429 esset
1398 388 1515 442 quod
1538 387 1585 429 in
1611 387 1766 429 eodem
1800 401 1964 443 genere

278 461 583 518 Xenophontis
615 459 849 516 Symposio
877 462 1180 514 opponeretur.
1248 457 1339 501 Alii
1365 457 1412 500 in
1445 472 1498 501 ea
1530 459 1709 511 fuerunt
1743 457 1965 512 opinione,

280 540 330 578 ut
347 535 578 577 Platonem
600 544 725 573 suam
748 529 887 586 ipsius
921 529 1184 572 sententiam
1217 529 1271 571 de
1299 527 1666 585 praestantissimi
1693 528 1855 571 amoris
1887 542 1967 570 na-

278 611 380 650 tura
400 603 620 659 explicare
640 601 834 643 voluisse
865 601 1125 643 iudicarent.
1184 601 1383 643 Fuerunt
1425 600 1560 643 etiam
1589 599 1664 654 qui
1695 603 1897 656 putarent
1918 598 1966 640 in

277 678 366 721 hoc
395 675 514 718 libro
550 673 754 716 exhiberi
782 673 982 728 exemplo
1018 671 1213 715 Socratis
1246 671 1488 728 imaginem
1524 671 1705 726 perfecti
1743 669 1967 725 sapientis,

277 751 491 804 quatenus
521 744 567 787 in
599 743 695 799 ipsa
721 743 813 786 vita
847 749 979 798 atque
1013 743 1185 786 actione
1213 745 1484 786 cerneretur.
1565 741 1653 784 Sed
1683 742 1869 797 longum
1901 744 1967 783 est

279 832 431 862 omnes
459 814 722 866 sententias,
780 828 888 870 quas
916 814 1007 866 viri
1032 815 1151 857 docti
1183 815 1237 856 de
1264 812 1450 856 consilio
1477 827 1530 854 ae
1550 812 1795 868 proposito,
1850 811 1969 865 quod

278 891 408 936 Plato
438 887 486 931 in
506 888 596 929 hoc
619 885 739 927 libro
766 885 998 928 scribendo
1029 890 1205 928 secutus
1238 885 1319 938 sit,
1360 884 1661 940 protulerunt,
1709 882 1969 938 singulatim

279 973 522 1004 recensere.
605 957 807 999 Praestat
845 962 1157 1013 argumentum
1194 956 1288 999 eius
1327 955 1524 998 breviter
1562 967 1794 1005 enarrare,
1853 951 1971 1008 quod

278 1046 416 1088 quum
435 1028 680 1086 plurimum
698 1029 848 1071 valeat
869 1029 924 1072 ad
946 1028 1185 1083 perfectam
1205 1041 1457 1069 sermonum
1479 1025 1818 1082 intelligentiam
1832 1055 1844 1075 ‚
1874 1029 1970 1065 tum

274 1102 442 1146 efficiet
474 1100 610 1143 etiam
638 1099 751 1151 hoc,
794 1102 843 1140 ut
872 1093 977 1154 quid
1009 1099 1062 1140 de
1091 1097 1178 1142 hac
1208 1113 1341 1141 causa
1369 1097 1649 1139 statuendum
1676 1095 1755 1147 sit,
1793 1094 1971 1137 facilius

281 1178 413 1229 atque
450 1172 614 1214 clarius
657 1168 862 1212 omnibus
901 1173 1126 1225 appareat.
1193 1170 1251 1211 Et
1288 1174 1600 1225 argumentum
1637 1166 1816 1222 quidem
1862 1164 1971 1207 libri

278 1258 417 1300 quum
450 1244 677 1299 eleganter
715 1240 996 1296 descripserit
1023 1240 1157 1284 Dan.
1189 1239 1588 1295 Wyttenbach.
1618 1237 1834 1280 Biblioth.
1861 1236 1971 1279 erit.

278 1317 328 1361 V.
354 1317 390 1360 I.
428 1316 480 1358 P.
497 1315 534 1357 I.
567 1329 608 1369 p.
633 1309 731 1364 35„
773 1311 859 1354 viri
898 1310 1141 1353 doctissimi
1177 1310 1325 1354 verbis
1357 1312 1498 1354 utico
1525 1310 1671 1352 minus
1704 1308 1971 1360 dubitamus,

280 1385 397 1443 quod
428 1382 514 1442 ipsi
543 1381 590 1426 id
636 1382 797 1424 melius
835 1396 1042 1424 enarrare
1076 1396 1163 1423 non
1201 1396 1450 1437 possumus.
1511 1383 1579 1423 De
1607 1379 1791 1423 consilio
1823 1383 1971 1421 autem

280 1456 427 1514 operis
457 1452 563 1511 quid
596 1449 724 1497 nobis
764 1453 994 1507 videatur,
1037 1453 1102 1497 ita
1133 1452 1476 1509 explicabimus,
1525 1458 1575 1496 ut
1607 1457 1758 1495 nostra
1792 1455 1972 1494 utamur

278 1528 492 1572 oratione.

448 1599 554 1653 Cap.
583 1598 608 1640 I
627 1621 683 1628 —
705 1593 788 1639 ΙΙΙ.
859 1594 996 1639 Ducit
1027 1594 1170 1652 igitur
1200 1592 1518 1652 Apollodorus,
1569 1593 1646 1648 qui
1677 1592 1974 1636 familiaribus

279 1671 430 1724 omnia
460 1665 574 1711 haee
607 1681 811 1713 narrasse
844 1666 1032 1719 dicitur,
1082 1667 1260 1709 initium
1296 1663 1561 1708 narrationis
1593 1666 1650 1707 ab
1680 1663 1972 1715 Aristodemo,

279 1739 359 1799 qui
378 1738 574 1792 Socrati,
613 1743 786 1795 praeter
805 1733 1166 1780 consuetudinem
1188 1739 1312 1780 lauto
1348 1730 1652 1790 caiceatoque,
1691 1731 1869 1778 obviam
1895 1748 1973 1776 ve-

280 1813 432 1864 niens,
482 1825 585 1853 eum
618 1807 894 1865 interrogat,
949 1808 1062 1850 unde
1092 1812 1183 1851 tam
1209 1808 1389 1864 elegans
1415 1814 1593 1862 repente
1616 1805 1844 1849 exstiterit.
1902 1797 1971 1847 Ad

279 1882 587 1940 Agathonem,
616 1877 760 1936 inquit
783 1880 1006 1936 Socrates,
1044 1879 1321 1935 proficiscor,
1365 1878 1574 1922 invitatus
1609 1878 1664 1921 ad
1696 1875 1972 1927 convivium3

278 1969 383 1999 nam
405 1953 531 2006 heri,
579 1966 718 2008 quum
739 1946 952 1994 victoriae
975 1965 1081 1993 suae
1102 1951 1302 2007 tragicae
1331 1951 1494 1993 festum
1532 1950 1800 1998 celebraret,
1847 1946 1973 1990 nolui

281 2024 565 2069 convivarum
590 2018 866 2074 multitudini
894 2036 966 2063 me
989 2017 1262 2073 immiscere3
1319 2036 1454 2077 quare
1475 2020 1661 2078 promisi
1695 2019 1737 2061 ei
1765 2018 1899 2061 hodie
1916 2017 1973 2060 ad

281 2108 490 2139 coenam:
533 2099 666 2150 atque
688 2093 752 2137 ita
778 2109 851 2136 me
879 2093 1062 2145 ornavi,
1101 2097 1150 2135 ut
1176 2094 1356 2150 elegans
1392 2093 1449 2135 ad
1478 2094 1729 2149 elegantem
1746 2089 1971 2141 venirem3

281 2168 357 2213 sed
377 2165 463 2209 vin'
493 2171 543 2209 tu
567 2176 742 2208 mecum
758 2198 771 2218 ‚
814 2178 1065 2220 quanquam
1090 2179 1178 2206 non
1209 2163 1444 2216 invitatus,
1477 2164 1531 2207 ad
1558 2163 1652 2206 eius
1688 2176 1870 2205 coenam
1896 2176 1972 2204 ve-

240 2273 242 2275 .
279 2237 410 2281 nire2
467 2238 565 2294 Ego
582 2232 711 2289 vero,
740 2235 907 2292 inquit,
949 2240 998 2278 ut
1020 2235 1102 2278 tibi
1132 2235 1316 2278 videtur.
1375 2235 1520 2291 Igitur
1547 2234 1682 2276 simul
1711 2234 1966 2289 procedunh

279 2307 367 2352 Sed
388 2317 525 2363 quum
543 2307 729 2350 intraret
747 2308 876 2351 aedes
896 2302 1223 2359 Aristodemus,
1254 2307 1395 2348 solum
1412 2320 1458 2348 se
1485 2306 1604 2349 videt
1620 2300 1848 2356 relictum3
1887 2303 1970 2346 So-

278 2384 419 2422 crates
439 2392 656 2433 nusquam
677 2384 879 2434 apparet3
909 2377 1165 2420 substiterat
1190 2377 1309 2420 enim
1327 2375 1373 2418 in
1394 2377 1494 2436 via,
1526 2376 1601 2431 qui
1620 2376 1714 2418 eius
1739 2383 1832 2419 erat
1854 2389 1967 2429 mos,

278 2448 539 2507 cogitationi
558 2449 765 2492 intentus.
826 2450 988 2492 Postea
1004 2448 1124 2491 venit
1143 2453 1187 2491 et
1210 2450 1266 2491 ad
1287 2449 1566 2504 Agathonem
1598 2446 1797 2490 considit.
1855 2442 1973 2488 Con-

278 2521 405 2564 vivae
435 2534 572 2564 coena
597 2525 780 2576 peracta
811 2516 979 2572 libant,
1029 2530 1245 2575 Paeanem
1275 2525 1460 2572 canunt,
1500 2519 1556 2562 ad
1578 2523 1731 2574 potum
1751 2531 1798 2559 se
1822 2517 1970 2560 conse-

267 2596 392 2636 runt.

445 2662 550 2718 Cap.
571 2662 643 2705 lv.
664 2683 722 2694 ·—
743 2660 792 2704 V.
852 2658 924 2706 Ibi
944 2659 1187 2706 Pausanias
1214 2659 1433 2703 eiusmodi
1461 2654 1675 2704 sermonis
1699 2658 1877 2702 initium
1898 2654 1970 2702 in-

275 2730 403 2786 iecit,
433 2747 519 2788 quo
544 2730 752 2776 convivas
775 2738 1000 2790 moneret,
1041 2738 1091 2776 ut
1119 2733 1344 2784 viderent,
1394 2745 1482 2786 qua
1503 2730 1675 2773 ratione
1708 2730 1968 2773 suavissime

274 2802 505 2849 biberent:
536 2819 620 2861 ego
643 2804 782 2858 enim,
811 2801 980 2860 inquit,
1007 2798 1153 2859 potius
1176 2812 1230 2845 ex
1258 2802 1466 2844 hesterno
1490 2806 1597 2857 potu
1616 2802 1814 2857 requiem
1833 2815 1967 2856 quam

273 2889 389 2918 nova
407 2875 566 2931 pocula
589 2887 767 2930 quaero.
826 2871 927 2918 Hoc
955 2874 1191 2918 consilium
1219 2873 1383 2928 reliqui
1411 2873 1621 2929 probant3
1665 2872 1868 2915 convenit
1897 2872 1967 2914 ina

270 2949 341 2989 ter
376 2961 475 2999 eos,
522 2950 572 2987 ut
604 2942 744 2988 doctis
780 2942 927 3002 potius
960 2945 1237 2988 sermonibus
1268 2958 1400 2999 quam
1423 2943 1527 2986 vino
1557 2948 1795 3000 peragatur
1816 2939 1967 2985 convi-

270 3014 408 3062 vium.
468 3015 662 3073 Suscipit
689 3029 937 3060 sermonem
956 3015 1279 3072 Eryximachus
1308 3010 1531 3067 medicus,
1571 3027 1759 3070 eumque
1780 3013 1967 3057 rationi*

269 3087 354 3131 bus
379 3102 431 3130 ex
453 3092 546 3130 arte
575 3100 655 3130 sua
677 3085 917 3144 depromtis
940 3087 1194 3140 confirmat,
1239 3091 1371 3141 atque
1396 3093 1550 3130 auctor
1576 3090 1642 3128 est
1669 3079 1878 3139 reliquis,
1914 3086 1965 3125 ut

266 3157 436 3215 singuli
486 3158 691 3214 deinceps
742 3158 940 3202 oratione
989 3155 1144 3202 laudes
1190 3152 1368 3202 Amoris
1416 3158 1652 3200 celebrent.
1710 3144 1963 3199 Dimittitur

265 3227 484 3290 tibicina„
1292 3266 1297 3275 ,

433 3300 537 3356 Cap.
569 3296 643 3342 VI.
701 3294 881 3343 Primus
912 3301 967 3342 de
998 3299 1161 3342 Amore
1196 3291 1304 3341 dicit
1331 3293 1585 3353 Phaedrus,
1643 3309 1832 3352 eumque
1866 3296 1962 3337 Hei

261 3367 386 3414 niodo
406 3368 761 3427 Parme-uiaeque
784 3369 1041 3417 auctoribus
1061 3371 1245 3416 deorum
1265 3370 1464 3413 omnium
1486 3368 1843 3426 antiquissimum
1865 3375 1959 3419 esse
1980 3412 1983 3415 4

1426 3530 1433 3548 Ι
