2040 3646
757 179 1073 233 PHAEDO.

1700 183 1767 238 27

81 277 283 379 ΦΑΙΔ.
343 316 487 391 Ναί,
530 316 773 394 Σιμμίας
796 317 854 378 τέ
884 340 943 396 γε
977 314 1011 378 ὁ
1050 320 1298 396 Θηβαῖος
1331 316 1423 375 καὶ
1455 314 1642 395 Κέβης
1673 316 1768 374 καὶ

79 394 409 483 Φαιδώνδης
425 446 441 475 ,
481 405 576 461 καὶ
599 402 930 482 Μεγαρόθεν
953 400 1266 480 Ευκλείδης
1288 425 1343 460 τε
1364 402 1458 460 καὶ
1495 401 1749 479 Τερψίων

79 492 210 548 ΕΧ.
262 487 333 547 Τί
355 486 479 556 δαίς
518 485 863 565 Ἀρίστιππος
893 490 987 548 καὶ
1010 486 1399 563 Κλεόιιβροτος
1437 486 1770 564 παρεγένου,-

75 595 173 641 to,-

77 740 318 814 τούτους
341 741 764 820 παραγενέσθαι.

76 817 225 906 ἦσαν
251 827 306 885 οἱ
341 824 538 903 λόγοις

248 910 410 990 cap.
440 911 557 969 111.

260 576 462 631 ΦΑΙΔ.
523 570 614 631 Οὐ
650 576 805 652 δῆτα·
862 572 919 632 ἐν
951 573 1143 651 Αἰγίνῃ
1177 595 1281 649 γαρ
1325 571 1573 650 ἐλέγοντο
1611 566 1767 630 εἶναι.

78 661 207 716 ΕΧ.
249 654 448 729 ’Ἄλλος
484 656 546 716 δέ
578 678 660 730 τις
691 660 909 738 παρῆν·
890 701 906 725 ,

851 744 980 826 ΕΧ.
1044 742 1131 800 Τί
1143 763 1254 800 ουν
1278 740 1389 820 δή,·
1426 741 1594 813 τίνες,
1637 762 1770 866 φης,

1021 661 1223 715 ΦΑΙΔ.
1279 654 1496 732 Σχεδόν
1531 678 1585 714 τι
1617 651 1770 732 οἶμαι

651 911 853 967 ΦΑΙΛ.
898 904 1039 986 Ἐγώ
1067 919 1159 966 σοι
1182 904 1296 978 ἐξ’
1259 912 1432 987 αρχῆς
1456 905 1634 967 παντα
1650 924 1770 967 πει-

76 992 317 1071 ρασομαι
343 991 735 1072 διηγήσασθαι.
779 990 864 1051 αεὶ
888 989 994 1071 γὰρ
1016 989 1088 1071 δὴ
1117 993 1225 1051 καὶ
1235 1014 1337 1064 τας
1360 991 1612 1070 πρόσθεν
1631 991 1768 1072 ἡμέ-

78 1101 181 1154 ρας
218 1076 500 1154 εἰώθειμεν
547 1081 753 1154 φοιτᾶν
786 1077 881 1136 καὶ
914 1074 1016 1156 ἐγω
1051 1077 1146 1136 καὶ
1195 1078 1251 1136 οἱ
1287 1074 1448 1136 ἄλλοι
1483 1075 1635 1155 παρὰ
1671 1075 1771 1138 τὸν
1810 1091 1872 1145 D

78 1161 378 1277 Σωκράτη,
430 1160 818 1240 συλλεγόμενοι
850 1161 1022 1222 ε’ωθεν
1063 1162 1141 1234 εἷς
1177 1159 1242 1220 τὸ
1276 1160 1656 1242 δικαστήριον,
1715 1161 1773 1221 ἐν

76 1249 123 1332 ᾠ
148 1249 249 1307 καὶ
262 1245 301 1329 ἡ
329 1247 456 1327 δίκη
480 1245 703 1327 ἐγένετο·
745 1247 987 1327 πλησίον
1019 1244 1125 1328 γὰρ
1149 1236 1220 1328 ἦν
1241 1252 1347 1319 τοῦ
1373 1247 1768 1328 δεσμωτηρίου.

81 1514 138 1558 9⁷1
114 1494 170 1555 ἢν
200 1496 251 1543 δε
273 1496 362 1544 καὶ
393 1499 476 1542 Κτ.
466 1529 503 1552 .,
547 1511 635 1554 quo
664 1510 820 1542 vereor
841 1501 893 1541 ut

80 1570 191 1612 opus
234 1557 305 1600 sit.
364 1557 521 1600 Solent
556 1555 684 1598 enim
716 1555 892 1608 Graeci,

115 1627 221 1655 uum
246 1615 385 1657 verba
418 1627 522 1655 cum
559 1612 894 1680 praepositioni-

79 1629 166 1714 iius
193 1671 436 1726 composita
452 1670 652 1713 iteranda
683 1674 810 1722 sunt,
846 1669 894 1711 in

81 1728 349 1783 repetitione
359 1729 619 1770 alterutram
638 1733 807 1781 partem
820 1741 896 1768 eo-

82 1798 190 1827 rum
208 1784 424 1827 omittere.
482 1785 541 1828 Et
564 1783 691 1826 verbi
704 1807 706 1809 ν
718 1784 897 1839 quidem

82 1841 264 1884 omissio
285 1842 402 1898 apud
424 1846 573 1896 poetas
595 1847 727 1895 atque
751 1842 899 1882 Hero-

86 1898 240 1940 dotum
288 1899 525 1941 admodum
571 1898 777 1966 frequens
815 1902 895 1941 est.

86 1954 290 1997 Omissae
351 1953 686 2011 praepositionis
748 1960 898 1997 autem

84 2026 239 2066 exemp
242 2012 335 2053 lum
382 2016 449 2053 est
507 2025 577 2066 ap.
635 2011 812 2079 Eurip
825 2011 892 2052 id.

83 2067 466 2138 Bacch.v.1062‚5
494 2063 650 2125 λαβὼν
667 2064 767 2136 γὰρ
785 2027 894 2111 ἐλά-

84 2131 169 2180 *tm-¹
192 2119 416 2195 οὐράνιον
436 2139 581 2194 ακρον
597 2121 784 2180 κλάδον,
813 2140 895 2168 κα-

5 2228 7 2231 ,
84 2182 247 2240 ἑῆγεν,
277 2175 407 2238 ἦγεν,
437 2173 548 2237 ἦγεν
573 2182 638 2230 εἰς
657 2159 797 2237 μέλαν
817 2179 895 2224 πέ-

84 2240 196 2292 δονς
233 2239 306 2281 cui
343 2239 508 2282 similia
539 2239 682 2282 multa
712 2238 898 2294 collegit

82 2296 400 2363 Elmsleius
427 2296 484 2341 ad
514 2295 667 2353 Eurip.
691 2296 898 2340 Medeam

81 2367 125 2416 ν’
143 2353 347 2467 ΣΙῙῗΙΞίας
371 2409 422 2453 τέ
440 2424 490 2464 γε
509 2409 567 2466 -]
609 2408 818 2451 Simmias
853 2412 898 2452 et

2 2446 39 2517 μ’
84 2435 239 2520 Cebes,
270 2467 503 2519 Thebani,
532 2467 668 2509 fuisse
691 2466 897 2508 dicuntur

86 2500 295 2582 discip’uli
325 2524 546 2577 Philolai,
588 2524 746 2580 magui
774 2523 897 2565 illius

86 2579 399 2640 Pythagorei,
456 2581 533 2636 qui
581 2595 718 2636 quum
768 2594 898 2636 saepe

26 2673 30 2678 ·
86 2639 224 2692 alias,
251 2644 346 2680 tum
366 2638 483 2680 infra
505 2654 548 2694 p.
568 2638 639 2681 61.
661 2639 716 2681 D.
750 2638 899 2680 aPla-

86 2699 192 2741 tone
223 2699 620 2747 commemoratur;
655 2695 792 2738 iidem
816 2694 899 2736 So-

85 2752 204 2795 ·cra‘ti
240 2753 363 2794 fuere
396 2752 654 2794 amicissimi
698 2753 769 2807 (v.
795 2751 897 2793 Cri-

32 2840 34 2842 -
87 2814 188 2857 ton.
204 2823 248 2864 p.
269 2807 338 2851 45.
361 2810 471 2862 B.):
501 2815 551 2851 ut
572 2809 617 2851 in
643 2815 818 2865 promtu
841 2808 898 2851 sit

90 2865 231 2918 ratio,
262 2879 341 2906 cur
362 2866 492 2908 Plato
515 2880 589 2908 eos
617 2866 769 2908 fecerit
795 2879 898 2908 cum

89 2924 273 2966 Socrate
307 2922 361 2963 de
387 2923 637 2965 animorum
672 2923 900 2966 immorta-

89 2980 218 3022 litate
228 2979 542 3034 colloquentes.
574 2981 640 3022 Cf.
663 2980 765 3023 Dio
779 2994 811 3035 g
822 2994 846 3021 e
855 2995 904 3023 n.

58 3075 60 3078 .
90 3036 131 3079 L
141 3050 167 3079 a
179 3050 202 3077 e
214 3050 238 3077 r
248 3040 279 3078 t.
304 3036 363 3077 ll.
388 3036 490 3081 124.
511 3040 554 3078 et
579 3035 677 3079 125.
696 3061 726 3070 -
753 3037 902 3079 Phae-

12 3131 20 3141 ,
93 3093 256 3135 ‹londes
274 3093 450 3135 videtur
479 3094 724 3136 Thebanus
754 3094 902 3145 fuisse,

95 3162 184 3192 non
214 3150 478 3206 Cyrenaeus.
520 3165 562 3192 v.
600 3151 901 3193 Ruhnken.

96 3206 154 3248 ad
186 3206 341 3263 Xenop
342 3207 390 3249 h.
429 3207 566 3250 Mem.
596 3208 632 3250 Ι.
671 3206 725 3259 2,
769 3206 837 3250 48.

95 3261 301 3305 Euclides
323 3269 476 3307 auctor
493 3265 579 3306 fuit
594 3238 789 3314 familiae
808 3264 906 3306 Me-

93 3319 373 3418 gothorum,
400 3320 475 3376 qui
497 3321 635 3363 etiam
656 3320 835 3362 Eristici
862 3324 907 3363 et

139 3376 329 3419 ialectici
379 3378 591 3433 appellati
644 3383 758 3420 sunt.
815 3377 904 3420 vid.

95 3433 276 3478 baert.
299 3434 356 3478 11.
380 3434 620 3480 loo-11⁰.
664 3433 767 3478 nic
793 3435 906 3478 Ter-

956 1497 1128 1555 psioni,
1175 1497 1230 1540 de
1264 1511 1353 1553 quo
1385 1495 1503 1539 nihil
1530 1495 1775 1541 memoriae

957 1555 1171 1599 traditum
1195 1559 1287 1608 est,
1317 1555 1590 1610 colloquium
1613 1556 1774 1598 Socra-

959 1614 1016 1655 tis
1035 1627 1141 1655 cum-
1174 1613 1422 1660 Theaeteto
1450 1611 1607 1655 recitat
1641 1611 1772 1654 ineo

957 1671 1078 1714 libro
1094 1701 1106 1723 ,
1146 1669 1223 1724 qui
1243 1670 1516 1711 Theaetetus
1538 1669 1774 1725 inscriptus

961 1733 1040 1771 est.
1071 1750 1094 1759 ·-
1127 1726 1392 1782 Aristippus,
1422 1725 1624 1781 princeps
1643 1726 1774 1768 fami-

960 1785 1049 1827 liae
1060 1784 1344 1840 Cyrenaicae,
1373 1783 1519 1824 notior
1531 1788 1609 1835 est,
1638 1796 1772 1837 quam

959 1846 1010 1885 ut
1040 1841 1282 1896 quidquam
1325 1840 1380 1882 de
1409 1854 1461 1882 eo
1505 1841 1774 1883 monendum

958 1898 1176 1941 videatur.
1233 1897 1387 1951 Neque
1429 1899 1673 1939 obscurum
1705 1901 1774 1940 est

959 1969 1122 1999 nomen
1161 1953 1459 2006 Cleombroti,
1514 1954 1776 1996 Ambracio-

958 2016 1056 2079 tae,
1101 2011 1178 2065 qui
1207 2011 1324 2052 lecto
1351 2010 1439 2053 hoe
1466 2011 1645 2067 dialogo
1666 2012 1776 2053 Pla·

959 2069 1074 2112 tonis
1098 2069 1235 2110 fertur
1258 2082 1304 2109 se
1329 2067 1376 2109 in
1402 2082 1530 2109 mare
1554 2067 1774 2123 praecipi-

958 2129 1098 2168 tasse.
1136 2139 1270 2192 quam
1292 2124 1337 2166 in
1372 2139 1467 2166 rem
1488 2126 1669 2181 elegans
1698 2139 1774 2166 ex-

960 2186 1047 2225 stat
1089 2182 1373 2249 epigramma
1417 2180 1775 2225 Callimachi

964 2253 1008 2282 n.
1033 2237 1131 2292 24.,
1172 2239 1287 2293 quod
1316 2238 1451 2281 etiam
1478 2253 1505 2281 a
1534 2239 1774 2281 Cicero'-

963 2309 1031 2338 ne
1069 2295 1328 2338 Tuscul.1.
1365 2295 1436 2337 34.
1485 2300 1770 2341 memoratur.

964 2354 1229 2409 Quanquam
1245 2353 1320 2394 vel
1341 2357 1519 2408 propter
1550 2366 1631 2406 ea,
1658 2367 1773 2408 quae

963 2414 1203 2465 sequuntur
1220 2442 1232 2462 ,
1260 2409 1455 2452 dubitari
1477 2415 1597 2452 recte
1616 2414 1773 2465 potest,

962 2481 1071 2509 num
1097 2467 1211 2510 alius
1233 2467 1542 2510 Cleombrotus
1562 2468 1648 2509 hoc
1670 2468 1771 2510 loeo

961 2524 1277 2581 intelligendus
1328 2524 1398 2566 sit.
1465 2523 1640 2567 Etenim
1683 2537 1773 2567 non

960 2581 1104 2624 inanis
1141 2581 1314 2623 videtur
1346 2585 1547 2624 veterum
1579 2596 1773 2636 quorun-

962 2639 1065 2681 dam
1111 2638 1375 2694 seriptorum
1414 2638 1603 2694 suspicio
1650 2638 1773 2681 vituss

961 2694 1108 2752 perari
1140 2696 1213 2737 his
1247 2695 1395 2738 verbis
1426 2695 1696 2751 Aristippum
1728 2700 1774 2739 et

962 2753 1295 2795 Cleombrotum
1313 2784 1325 2804 ,
1360 2753 1476 2806 quod
1499 2767 1602 2807 prae
1632 2753 1774 2795 nimia

961 2809 1151 2851 mollitie
1174 2815 1217 2851 et
1245 2809 1424 2852 luxuria
1448 2809 1556 2851 adeo
1577 2809 1773 2852 Socratis

962 2866 1092 2909 obliti
1113 2867 1212 2921 sint,
1249 2873 1312 2918 ut,
1351 2880 1488 2920 quum
1512 2868 1683 2923 Aegina
1706 2867 1775 2909 in-

966 2925 1087 2976 sula,
1125 2937 1238 2978 quae
1263 2923 1441 2965 circiter
1466 2923 1655 2966 ducenta
1683 2930 1774 2966 sta-

966 2980 1065 3033 dia,
1101 2995 1135 3024 s.
1162 2994 1236 3023 sex
1257 2980 1471 3022 milliaria
1495 2981 1774 3032 Germanica,

967 3038 1151 3080 Athenis
1173 3038 1392 3089 distabat,
1422 3038 1552 3079 facile
1570 3038 1777 3080 advolare

966 3095 1230 3150 potuissent,
1261 3099 1407 3136 tamen
1428 3095 1648 3137 noluerint
1666 3095 1779 3137 illuc

969 3166 1017 3193 se
1029 3152 1242 3194 conferre.
1268 3166 1310 3192 v.
1335 3151 1566 3207 Diogen.
1588 3153 1775 3197 Laert.

967 3207 1109 3251 11⁶5.
1140 3207 1303 3251 111.36.
1335 3208 1648 3251 Athenaeus
1678 3209 1776 3262 ΧΠ.

969 3279 1012 3322 p.
1034 3263 1133 3307 544.
1162 3266 1215 3307 D.
1268 3265 1597 3307 Demetrius
1625 3266 1779 3308 Rhe-

970 3329 1076 3365 tor.
1141 3322 1196 3362 de
1245 3322 1418 3363 Elocut.
1469 3326 1510 3375 ς.
1551 3322 1651 3365 306.
1710 3323 1777 3366 Cf.

970 3378 1255 3481 lll‘lggelleri
1312 3377 1671 3477 Aeginetica.
1735 3394 1777 3437 p
