2040 3646
220 169 290 228 54

881 160 1244 223 PLAToNts

219 305 535 377 κοινωνίας,
589 301 623 363 ὃ
668 302 740 384 δὴ
781 303 1015 382 μάλιστα
1053 312 1207 379 φιλεῖ
1234 306 1301 366 τά
1333 329 1387 367 τε
1423 305 1563 366 αλλα
1599 308 1776 369 πάντα
1812 314 1904 372 καὶ

223 388 257 449 ὁ
292 390 423 467 ἔρως
456 389 711 466 ἐμποιεῖν.
776 391 912 475 ἔργω
951 393 1010 451 δὲ
1051 397 1220 452 τοῦτο
1258 393 1467 468 ἔμαθον
1494 394 1587 451 καὶ
1620 395 1673 453 οἱ
1709 395 1904 456 ἐνθάδε

223 473 502 548 τύραννοι·
559 472 592 533 ὁ
625 472 729 553 γὰρ
753 472 1259 556 Ἀριστογείτονος’
1241 478 1374 554 ἔρως
1407 479 1501 536 καὶ
1540 475 1579 558 ἡ
1607 476 1904 556 Αομοδίου

221 559 381 636 φιλία
402 559 619 646 βέβαιος
637 562 898 665 γενομένη
918 562 1217 621 κατέλυσεν
1239 559 1422 621 αὐτῶν
1443 560 1545 643 τὴν
1568 560 1758 643 αρχήν.
1801 562 1903 624 οὗ·

220 666 326 715 τως
351 646 426 703 οὐ
447 645 545 721 μὲν
568 643 794 722 αἰσχρὸν
811 646 977 754 ἐτέθη
998 649 1320 725 χαρίζεσθαι
1344 647 1592 724 ἐρασταῖς
1613 651 1777 730 κακίᾳ
1798 655 1907 710 τῶν

137 739 196 793 D
221 728 467 805 θεμένων
500 735 698 802 κεῖται,
759 736 868 791 τῶν
904 755 1002 819 μεν
1036 730 1316 838 οἷρχόντων
1346 730 1657 814 πλεονεξία,
1699 739 1808 794 τῶν
1844 736 1904 793 δὲ

219 810 534 891 ἀρχομένων
556 812 837 898 ανανδρία·
880 819 956 877 οὐ
985 818 1044 876 δὲ
1067 814 1241 876 καλὸν
1278 814 1464 889 απλῶς
1503 818 1770 898 ἐνομίσθη
1810 816 1903 877 δια

202 896 319 978 τὴν
355 903 464 959 τῶν
501 900 748 976 θεμένων
782 906 885 982 τῆς
919 907 1107 982 ψυχης
1142 900 1350 980 αργίαν.
1414 901 1610 961 ἐνθάδε
1652 904 1711 962 δε
1754 900 1905 962 πολὺ

216 981 428 1043 τούτων
448 982 679 1044 καλλιον
701 987 1123 1067 νενομοθέτηται
1145 988 1268 1060 καί,
1312 983 1446 1065 ὅπερ
1476 983 1659 1060 εἶπον,
1703 1011 1778 1047 ου
1801 987 1903 1070 ῥα·-

215 1070 338 1127 διον
359 1074 714 1149 κατανοῆσαι.

380 1154 546 1258 Cap.

583 1158 659 1214 X.
746 1151 809 1212 F
808 1155 1154 1235 νθυιιηθεντι
1190 1178 1295 1234 γαρ
1311 1198 1328 1227 ,
1400 1151 1487 1213 ὅτι
1523 1154 1731 1233 λέγεται
1766 1154 1902 1214 κάλ-

212 1239 333 1294 λιον
353 1234 419 1296 τὰ
445 1244 700 1316 φανερῶς
722 1238 852 1316 ἐρᾶν
872 1246 977 1300 τοῦ
1002 1239 1217 1348 ληάθρα,
1270 1239 1363 1298 καὶ
1392 1239 1626 1316 μαλιστα
1650 1245 1760 1300 τῶν
1780 1263 1902 1319 γεν-

210 1321 509 1382 ναιοτάτων
530 1325 623 1382 καὶ
663 1322 928 1402 αρίστων,
985 1348 1090 1385 καν
1127 1325 1378 1402 αἰσχίους
1406 1322 1587 1385 α’λλων
1626 1325 1757 1399 ὦσι,
1809 1326 1904 1385 καὶ

263 1509 342 1554 καὶ
348 1508 394 1578 ἦ
412 1506 645 1571 Αρμοδίου
669 1512 830 1570 φιλία]
860 1513 1030 1571 Recepi
1049 1513 1288 1559 articulum
1309 1513 1447 1571 vulgo
1464 1513 1675 1557 omissum
1697 1528 1748 1557 ex
1769 1513 1900 1560 libris

206 1573 282 1627 opt
283 1567 402 1612 imis.

202 1704 345 1764 γάλα,
379 1713 430 1753 ut
467 1710 594 1754 verbi
626 1708 915 1767 ἐγγίγνεσθαι
947 1710 1014 1754 vis

203 1771 248 1808 et
296 1767 563 1823 significatio
600 1771 849 1824 paullulum
887 1769 1016 1824 quasi

203 1825 477 1868 obscuretur.
518 1827 741 1869 nativum
750 1832 897 1868 ortum
917 1840 1014 1868 esse

202 1895 255 1923 ex
297 1896 396 1923 cori
398 1881 567 1924 ectione
605 1882 887 1940 grammatici
930 1882 1015 1925 ali-

202 1938 328 1980 cuius
386 1939 580 1982 declarat
633 1941 742 1985 satis
795 1940 913 1995 quod
963 1939 1013 1982 in

200 2007 290 2038 uno
315 2010 366 2037 ex
401 1995 494 2038 illis
528 1998 652 2041 codd.
684 1997 881 2063 genitivo
921 1997 1016 2040 τῶν

198 2046 466 2120 ἀρχομένων
489 2054 741 2098 terminatio
770 2053 908 2098 dativi
936 2068 1015 2097 su-

198 2109 455 2178 perscripta
464 2113 542 2153 est.

259 2160 286 2211 ὃ
313 2162 371 2221 δὴ
393 2164 592 2234 μάλιστα
616 2166 768 2222 φιλεῖ]
799 2166 846 2210 Ιι.
869 2179 908 2210 e.
935 2179 1016 2209 so-

196 2223 281 2267 let
309 2223 575 2279 efficere,
625 2227 675 2265 ut
699 2223 875 2293 inlr-ap
879 2222 1012 2266 ..188

195 2280 250 2325 Β.
280 2281 454 2324 Menex.
476 2295 519 2336 p.
542 2257 642 2323 2’42.
665 2281 717 2325 A.
760 2276 784 2323 ὃ
808 2279 865 2337 δὴ
892 2283 1019 2348 φιλεῖ

196 2335 248 2382 ἐκ
266 2353 360 2382 των
389 2332 657 2409 ἀνθρώπων
675 2340 774 2387 τοῖς
795 2337 844 2381 εὐ
869 2335 1012 2395 πράτ-

194 2408 330 2438 τουσι
367 2395 685 2466 προςπίπτειν.
753 2393 1009 2465 Legg.v1.

194 2467 238 2509 Ρ.
262 2451 362 2496 766.
398 2453 450 2496 A.
503 2451 719 2501 παιδείας
730 2467 835 2519 μεν
854 2448 955 2521 ὀρθ
956 2451 1012 2521 ῆς

192 2505 336 2564 τυχόν
366 2531 397 2541 -
429 2505 684 2552 θειότατον
713 2503 1013 2575 ἡμερώτατον

170 2581 242 2629 ,τε
267 2566 384 2618 ζῶον
402 2565 645 2621 γίγνεσθαι
662 2568 799 2620 φιλεῖ.
827 2566 1009 2608 Phileb.

190 2637 234 2679 p.
255 2623 326 2667 37.
364 2624 417 2666 Β.
447 2623 589 2666 Tim.
629 2638 672 2678 Ρ.
697 2621 766 2665 89.
799 2624 851 2666 Ε.
893 2619 1012 2675 δόξα

191 2677 372 2736 ψευδής
402 2694 451 2724 τε
475 2679 555 2723 καὶ
582 2674 766 2736 ἀληθὴς
797 2675 907 2737 ἡμῖν
931 2695 1005 2736 φι-

191 2739 263 2783 λεῖ
286 2739 540 2810 γίγνεσθαι.
570 2737 628 2780 al.

247 2793 310 2839 τά
340 2809 390 2838 τε
435 2792 550 2838 ἄλλα
579 2791 736 2837 πάντα
777 2808 819 2838 κ.
854 2808 893 2836 τ.
929 2795 966 2838 λ.
983 2793 1004 2848 ]

188 2851 237 2895 h.
264 2866 303 2894 e.
334 2865 472 2906 prae
501 2851 720 2893 ceteris
747 2849 1008 2893 omnibus

189 2908 436 2951 maxime
465 2922 633 2951 amor.
693 2907 791 2950 Non
826 2911 891 2949 est
918 2906 1007 2964 igi-

189 2970 264 3009 tur
305 2966 419 3020 quod
467 2979 569 3032 cum
610 2962 1007 3007 Schleierma-

189 3023 367 3064 chero
398 3037 476 3075 pro
499 3036 653 3064 παντα
690 3020 822 3062 malis
855 3021 1007 3064 ταῦτα

188 3079 296 3147 legi.
355 3079 517 3120 Verum
539 3078 651 3121 vidit
676 3077 891 3121 Astius.

250 3131 275 3179 ὁ
301 3131 386 3192 γὰρ
423 3129 798 3193 Ἀριστογείτονος
819 3135 873 3189 -]
913 3135 1004 3176 Res

192 3193 299 3236 sutis
315 3198 421 3234 nota
441 3198 520 3236 est,
564 3192 736 3235 Laudat
763 3190 1005 3232 Wolfius

189 3249 412 3293 Aeliun.
444 3250 493 3291 V.
515 3251 571 3291 Η.
606 3249 681 3292 xl.
721 3246 762 3290 8.
793 3247 848 3289 ad
882 3262 1009 3289 eum-

192 3320 279 3361 que
299 3306 670 3348 Pcrizonium.
708 3305 846 3347 Plura
883 3303 1008 3348 dabit

191 3363 243 3405 M
256 3377 280 3403 e
292 3376 322 3403 u
336 3361 409 3403 rsi
425 3377 451 3403 ιι
468 3378 487 3404 s
515 3363 560 3404 in
577 3362 806 3404 Pisistrato
833 3375 870 3402 c.
885 3362 1005 3403 xlll.

195 3419 405 3462 Ceterum
432 3419 594 3462 horum
616 3417 890 3474 Aristogiton
923 3417 1007 3461 fuit

1079 1714 1276 1764 amator,
1315 1709 1589 1753 Harmodius
1614 1713 1813 1763 amatus,
1850 1709 1897 1752 id

1076 1769 1198 1824 quod
1228 1768 1335 1811 satis
1363 1769 1586 1809 declarant
1619 1769 1758 1810 verba
1783 1766 1803 1810 ἒ
1804 1781 1897 1824 ρως

1079 1832 1123 1868 et
1145 1825 1289 1880 φιλία.
1320 1826 1373 1866 cf.
1398 1824 1644 1892 Hipparch.
1670 1839 1710 1879 p.
1723 1783 1828 1867 2“’9.

1127 1883 1243 1952 (3ιιΡ.
1281 1883 1336 1924 Χ.
1406 1876 1750 1935 Ένθυμηθέντι
1791 1877 1897 1939 γὰρ,

1081 1932 1155 1982 ὅτι
1174 1938 1349 1992 λέγεται
1378 1954 1419 1983 κ.
1440 1955 1480 1981 τ.
1502 1942 1539 1981 λ.
1551 1939 1568 1993 ]
1599 1940 1666 1980 Ex
1690 1938 1778 1980 hoc
1796 1940 1895 1981 loco

1079 1996 1329 2039 Pausaniae
1374 1995 1604 2051 ingenium
1643 1996 1774 2052 plane
1819 2011 1894 2038 co-

1079 2067 1290 2109 gnoscas,
1320 2052 1396 2108 qui
1422 2030 1631 2107 plurimis
1667 2052 1895 2095 sententiis

1080 2110 1350 2152 coacervatis
1383 2122 1634 2174 magnoque
1663 2123 1766 2151 cum
1803 2116 1896 2151 stu-

1080 2166 1154 2209 dio
1202 2166 1401 2209 collectis
1452 2166 1624 2208 deinde
1659 2165 1896 2208 inchoatae

1083 2223 1295 2266 orationis
1334 2224 1443 2266 adeo
1482 2222 1785 2275 obliviscitur,
1843 2227 1894 2266 ut

1079 2280 1281 2323 videatur
1317 2279 1363 2322 in
1402 2279 1494 2322 alia
1517 2280 1666 2322 omnia
1709 2279 1891 2332 abiisse,

1079 2338 1218 2380 donec
1240 2337 1295 2380 ad
1315 2341 1561 2380 extremum
1571 2337 1616 2379 in
1629 2337 1894 2379 memoriam

1078 2408 1234 2436 eorum
1259 2394 1435 2445 redeat,
1463 2394 1518 2436 de
1544 2393 1704 2448 quibus
1729 2393 1818 2435 ab'
1805 2392 1890 2434 mi-
1916 2422 1918 2424 ψ

1076 2451 1144 2492 tio
1171 2456 1373 2551 coegerat
1394 2426 1552 2494 dicere.
1609 2451 1767 2516 Itaque
1786 2462 1891 2504 par-

1075 2507 1229 2562 ticipio
1300 2507 1565 2562 θυμηθέντι
1586 2505 1733 2548 nihil
1719 2520 1766 2547 m
1789 2519 1892 2561 pro-

1075 2563 1206 2606 ximis
1228 2564 1475 2619 respondet,
1504 2562 1580 2606 sed
1603 2562 1892 2606 exciditPau-

1075 2621 1222 2664 sanias
1239 2621 1448 2664 inchoata
1466 2625 1699 2665 structura.
1739 2620 1890 2675 Ipsam

1075 2682 1223 2720 autem
1243 2677 1505 2720 sententiam
1521 2710 1534 2733 ‚
1585 2690 1719 2731 quam
1750 2691 1890 2719 enun-

1074 2734 1187 2777 tiare
1207 2735 1363 2787 voluit,
1390 2734 1506 2777 infra
1526 2734 1759 2790 demump
1763 2732 1888 2777 ‚18:3.

1075 2792 1124 2836 (3.
1152 2791 1352 2844 resumit,
1381 2791 1461 2834 ubi
1482 2790 1545 2834 sic
1566 2790 1694 2846 loqui
1716 2749 1886 2863 pergit·

1072 2845 1230 2919 ταύτῃ
1251 2846 1335 2904 μὲν
1380 2841 1466 2893 οὖν
1504 2848 1689 2904 οἰηθείη
1727 2846 1786 2892 ἄν
1815 2860 1888 2896 τις

1071 2903 1309 2957 παγκαλον
1327 2905 1608 2974 νομίζεσθαι
1619 2921 1660 2950 κ.
1683 2920 1724 2948 τ.
1749 2907 1787 2948 λ.
1817 2905 1885 2947 Ex

1072 2962 1194 3018 quib}
1197 2977 1234 3004 ιε
1274 2963 1422 3006 verbis
1465 2961 1734 3019 intelligitur
1779 2973 1884 3002 cum
1933 3008 1936 3009 ⁷

1069 3019 1117 3062 in
1146 3023 1294 3061 mente
1321 3019 1532 3063 habuisse
1562 3020 1699 3062 haec.
1749 3012 1887 3061 ἐνθυ-

1070 3074 1269 3146 μηθέντι
1292 3073 1396 3146 γὰρ
1397 3109 1410 3130 ,
1439 3072 1512 3120 ότι
1535 3074 1629 3131 λέγε
1632 3090 1708 3118 ται
1737 3098 1768 3108 -
1805 3070 1882 3116 δό-

1073 3133 1191 3186 ξειεν
1234 3129 1293 3176 ἂν
1331 3132 1568 3188 πάγκαλον
1612 3132 1885 3201 νομίζεσθαι

1071 3188 1121 3234 ἐν
1138 3191 1249 3248 τῇδε
1270 3191 1326 3249 τῇ
1345 3191 1479 3236 πόλει
1499 3188 1578 3234 καὶ
1597 3185 1651 3234 τὸ
1673 3186 1782 3246 ἐρᾶν
1804 3185 1886 3230 καὶ

1069 3243 1124 3291 τὸ
1159 3248 1321 3302 φίλους
1352 3248 1591 3304 γίγνεσθαι
1638 3250 1740 3296 τοῖς
1778 3241 1883 3304 ἐρα·

1072 3308 1215 3352 σταῖς.

1130 3356 1218 3405 κᾶν
1244 3360 1452 3416 αἰσχίους
1474 3356 1621 3404 αλλων
1646 3351 1773 3426 :5601
1806 3359 1882 3402 In-

1072 3418 1165 3462 tell.
1227 3432 1491 3474 corpore,
1547 3431 1634 3461 non
1686 3415 1881 3462 animo.
