2040 3646
661 213 765 278 ΑΒ
801 212 1239 268 SYMPOSIUM.
1762 221 1798 275 5

106 350 318 405 ostendit,
348 353 393 393 et
415 348 568 392 multis
589 362 643 391 ex
663 347 804 390 veteri
828 346 1020 391 historia
1035 347 1268 403 propositis
1294 347 1503 404 exemplis
1517 348 1677 404 prohat
1698 346 1795 391 eius

103 422 300 465 divinam
333 436 428 465 esse
459 420 552 463 vim
580 420 637 463 ad
664 419 898 462 hominum
927 418 1097 462 animos
1146 419 1202 462 ad
1236 433 1414 462 omnem
1439 418 1650 462 virtutem
1679 418 1793 462 inci-

103 493 274 536 tandos.

266 583 370 640 Cap.
391 582 488 625 vn.
508 605 566 614 —
586 580 664 624 XI.
723 580 950 625 Secundus
972 585 1039 626 est
1061 580 1318 637 Pausaniae,
1347 580 1416 623 vir
1435 580 1484 623 in
1503 579 1660 636 primis
1676 573 1782 639 ἐρῶ,-

98 651 241 704 nmis.
302 653 391 697 Hic
413 651 695 709 reprehendit
717 652 996 704 Phaedrum,
1035 652 1152 706 quod
1169 651 1428 707 simpliciter
1451 666 1593 711 neque
1620 651 1788 693 iudicio

97 723 345 767 laudaverit
373 724 608 776 Amorem,
648 736 699 764 ac
719 722 756 764 si
784 722 941 765 unicus
965 726 1134 765 tantum
1154 727 1269 765 esset
1299 721 1450 763 Amor.
1509 722 1687 774 Verum,
1716 721 1786 765 iu-

98 795 217 850 quit,
247 799 296 837 ut
320 795 480 851 duplex
499 798 564 835 est
583 792 751 845 Venus,
781 794 924 835 altera
943 793 1169 846 coelestis,
1200 794 1339 837 altera
1360 791 1586 850 vulgaris,
1622 792 1685 834 ita
1702 793 1784 834 du·-

94 866 196 923 plex
219 870 284 909 est
302 866 461 917 Amor,
492 865 606 906 alter
631 863 857 918 coelestis,
896 864 1098 920 vulgaris
1122 864 1246 911 alter.
1304 862 1449 917 Atque
1470 867 1628 904 natura
1648 862 1784 905 etiam

93 936 392 981 humanarum
409 935 632 981 actionum
650 934 752 978 talis
775 940 867 989 est,
896 940 946 977 ut
969 935 1093 977 nulla
1115 934 1162 980 in
1187 948 1234 975 se
1251 932 1346 992 ipsa
1371 931 1430 974 sit
1455 933 1527 974 vel
1550 932 1689 988 turpis
1708 934 1782 976 vel

90 1007 290 1051 honesta.
319 1031 376 1039 -
404 1005 492 1048 Sed
509 1004 798 1051 Athenienses
836 1010 880 1047 et
912 1004 1250 1048 Lacedaemonii
1278 1002 1472 1058 reliquas
1498 1004 1780 1065 gentesxeum

91 1077 284 1126 aliarum
309 1077 465 1134 legum
496 1075 710 1134 sapientia
737 1075 942 1133 vineunt,
994 1080 1089 1118 tum
1123 1088 1278 1122 earum
1311 1073 1532 1126 maxime,
1583 1071 1699 1128 quae
1723 1074 1780 1115 de

89 1148 252 1191 Amore
283 1152 394 1191 sunt.
463 1147 577 1190 Nam
611 1146 731 1202 apud
759 1148 922 1190 Persas
952 1151 995 1190 et
1022 1148 1238 1198 Graecus,
1288 1144 1366 1200 qui
1391 1144 1555 1188 horum
1591 1143 1780 1204 imperio

89 1219 278 1262 subiecti
301 1221 425 1271 sunt,
452 1217 592 1274 turpis
611 1217 804 1270 habetur
824 1232 1063 1272 puerorum
1096 1231 1246 1269 amor,
1287 1215 1406 1274 quod
1430 1214 1652 1276 tyrannidi
1683 1229 1780 1261 ma-

87 1289 206 1332 xime
233 1294 298 1332 est
327 1288 522 1332 infestus.
608 1288 736 1343 Apud
769 1278 960 1331 Boeotos
1003 1292 1047 1330 et
1085 1288 1212 1332 Elios
1246 1289 1399 1330 eontra
1431 1285 1649 1342 impunita
1681 1285 1777 1328 eius

88 1364 155 1401 est
175 1359 369 1405 licentia.
427 1359 556 1415 Apud
587 1373 667 1402 nos
697 1373 805 1401 vcro
832 1364 876 1402 et
894 1357 1266 1406 Lacedaemonios
1294 1357 1418 1414 leges
1440 1371 1543 1400 eum
1564 1370 1644 1397 nec
1675 1370 1779 1412 per-

88 1430 269 1473 mittunt
292 1429 552 1486 simpliciter
572 1444 654 1472 nec
675 1434 847 1483 vetant,
877 1430 952 1472 sed
981 1429 1261 1478 cautionibus
1291 1433 1335 1471 et
1357 1425 1478 1469 certa
1498 1426 1670 1469 ratione
1689 1425 1777 1467 cir..

88 1501 403 1544 cumscribunt.
470 1501 627 1556 Itaque
656 1501 815 1556 Amor,
859 1500 897 1542 si
927 1515 980 1544 ex
1006 1499 1165 1547 mentis
1195 1498 1492 1556 pulcritudine
1521 1502 1564 1542 et
1596 1496 1776 1543 virtutis

87 1571 233 1614 studio
266 1572 522 1628 suscipitur,
571 1571 798 1619 laudaturx
843 1570 882 1613 si
909 1585 1014 1613 vero
1047 1571 1104 1613 ad
1135 1569 1332 1626 corporis
1351 1570 1540 1616 formam
1570 1568 1776 1621 refertur,

88 1655 253 1699 magna
273 1646 316 1685 et
336 1643 545 1686 amatoris
570 1646 614 1685 et
638 1641 774 1689 amati
795 1641 1044 1698 ignominia
1071 1655 1098 1685 a
1130 1641 1310 1699 legibus
1330 1644 1522 1686 notatur.

254 1735 362 1790 Cap.
397 1735 472 1777 XI.
533 1734 769 1778 Proximus
797 1733 841 1775 ei
871 1737 937 1776 est
966 1733 1305 1788 Aristophanes3
1358 1733 1435 1775 sed
1467 1730 1639 1775 dicendi
1669 1726 1773 1786 pro-¹·

88 1802 256 1856 vincia,
293 1819 405 1859 quae
435 1805 588 1847 ordine
623 1805 679 1847 ad
713 1819 816 1846 eum
836 1809 1048 1857 venerat,
1086 1805 1320 1859 quominus
1344 1804 1579 1859 fungatur,
1618 1802 1772 1857 prohi-

88 1876 220 1918 betur
239 1875 437 1931 singultu
453 1906 466 1928 ‚
497 1890 550 1918 ex
574 1875 712 1920 nimio
734 1876 834 1918 cibo
858 1881 1052 1931 potuque
1077 1876 1149 1918 vel
1174 1875 1263 1918 alia
1282 1888 1418 1917 causa
1448 1878 1557 1917 orto.
1615 1872 1774 1927 Itaque.

87 1946 145 1989 ad
170 1945 419 2001 proximum
448 1961 494 1989 se
527 1946 740 1991 convertit
763 1946 1111 2002 Eryximachum
1144 1946 1387 1998 medicum,
1436 1946 1492 1988 ab
1521 1957 1661 1999 eoque
1689 1957 1770 2000 po·-

87 2017 247 2068 stulat,
291 2020 340 2058 ut
367 2017 438 2058 vel
470 2031 497 2059 a
519 2016 717 2073 singultu
745 2016 889 2072 ipsum
919 2017 1080 2060 liberet
1108 2018 1181 2060 vel
1207 2032 1286 2073 pro
1314 2031 1361 2062 se
1397 2014 1569 2058 dicendi
1590 2013 1770 2070 provin-2

89 2087 204 2130 ciam
226 2087 449 2142 suscipiat.
507 2088 606 2144 Ego
623 2102 727 2130 vero
741 2119 754 2139 ‚
783 2087 927 2142 inquit
949 2087 1293 2145 Eryximaehus,
1322 2091 1558 2141 utrumque
1581 2085 1764 2129 faciam:

85 2172 190 2201 nam
215 2163 259 2201 et
281 2172 397 2200 nunc
420 2172 504 2214 ego
524 2162 600 2204 tuo
621 2162 818 2213 tempore
838 2158 1007 2211 dicam,
1043 2162 1092 2201 tu
1115 2163 1267 2214 postea
1283 2172 1414 2209 meo;
1442 2161 1486 2199 et
1509 2160 1661 2199 auctor
1683 2155 1767 2202 tibi,

88 2240 212 2282 sum,
241 2234 290 2271 ut
309 2229 384 2270 vel
407 2229 555 2273 fauces
574 2243 688 2285 aqua
706 2230 883 2284 perluas
913 2230 986 2271 vel
1011 2244 1141 2272 nares
1175 2228 1397 2272 titillando
1424 2232 1647 2282 sternuas,
1677 2239 1766 2282 quo

86 2299 308 2355 singultus
346 2299 430 2342 tibi
467 2305 618 2344 cesset.
691 2299 949 2348 Orationem
994 2304 1142 2348 autem
1181 2299 1399 2348 eiusmodi
1434 2299 1572 2346 habet
1607 2296 1767 2355 Eryxi«

84 2371 284 2418 machus.

252 2476 355 2532 Cap.
378 2476 478 2519 XII.
497 2499 554 2510 —
569 2477 693 2520 XIII.
748 2479 870 2521 Bene
894 2477 1074 2534 quidem
1092 2476 1208 2521 mihi
1229 2477 1425 2530 videtur,
1454 2474 1619 2532 inquit,
1646 2474 1768 2518 Pau-

86 2547 231 2590 sanias
257 2547 343 2589 duo
362 2547 536 2590 Amoris
561 2562 726 2604 genera
755 2549 935 2601 fecisse3
974 2551 1050 2592 sed
1076 2549 1189 2591 illud
1208 2548 1254 2591 in
1291 2548 1386 2591 eius
1419 2547 1619 2590 oratione
1646 2546 1766 2588 desi-

88 2619 221 2671 dero,
259 2619 375 2673 quod
404 2619 591 2675 imperio
620 2619 794 2665 Amoris
821 2621 935 2662 solas
967 2624 1134 2664 mentes
1153 2621 1371 2662 humanas
1399 2617 1599 2661 subiecit.
1656 2615 1767 2658 Eius

87 2704 191 2732 vcro
212 2688 278 2731 vis
305 2693 395 2732 tam
425 2690 514 2732 late
549 2695 690 2747 patet,
730 2695 780 2734 ut
809 2706 983 2733 omnem
1010 2696 1054 2734 et
1084 2691 1330 2734 animorum
1365 2692 1409 2731 et
1433 2701 1669 2743 corporum
1686 2700 1766 2729 na-

87 2764 232 2802 turam
263 2760 589 2815 complectatur.
650 2761 780 2817 Quod
816 2761 994 2816 quidem
1025 2776 1126 2804 cum
1161 2761 1339 2804 aliunde
1374 2759 1526 2802 multis
1548 2757 1765 2813 partibus,

90 2834 185 2873 tum
215 2844 267 2871 ex
307 2836 456 2872 nostra
486 2831 658 2874 medica
695 2836 789 2874 arte
826 2832 1162 2888 deprehendisse
1193 2831 1307 2874 mihi
1341 2831 1508 2874 videor.
1574 2829 1686 2872 Nam
1714 2831 1765 2870 ut

89 2900 227 2943 animi
247 2901 412 2956 duplici
433 2915 581 2944 amore
607 2903 843 2945 trahuntur
859 2935 871 2955 ‚
901 2903 1081 2946 coelesti
1101 2909 1145 2946 et
1171 2901 1375 2959 vulgari,
1410 2902 1474 2944 ita
1503 2904 1546 2942 et
1580 2912 1766 2954 corpora

87 2976 238 3014 nostra
270 2971 435 3027 duplici
466 2973 695 3028 voluptate
731 2974 972 3026 ducuntur,
1018 2976 1159 3018 altera
1193 2987 1318 3026 sana,
1367 2973 1508 3015 altera
1536 2969 1763 3012 morbida.

86 3041 214 3084 iliam
236 3043 465 3086 confirmat
484 3049 634 3086 nostra
658 3059 751 3098 ars,
779 3045 895 3087 hanc
916 3045 1105 3101 expellit.
1165 3043 1417 3087 Medicinae
1441 3041 1559 3084 euim
1588 3042 1675 3082 hoc
1697 3044 1765 3083 est

86 3094 385 3169 propositum,
443 3119 492 3156 ut
527 3128 676 3156 rerum
707 3129 914 3157 sanarum
941 3116 1192 3172 cupidinem
1229 3113 1405 3169 corpori
1438 3112 1598 3154 inferat
1625 3114 1669 3152 et
1692 3123 1765 3151 res

89 3184 279 3226 contrari
283 3198 330 3226 as
347 3183 392 3226 in
415 3186 695 3228 concordiam
712 3186 1224 3252 redigat,1epletionem
1247 3188 1289 3227 et
1309 3182 1664 3232 evacuationem,
1693 3193 1767 3222 ca-

88 3255 229 3296 lorem
250 3260 293 3296 et
314 3254 479 3311 frigus,
508 3255 751 3299 siccitatem
773 3263 815 3299 et
834 3249 1156 3301 humiditatem.
1211 3257 1334 3299 Idem
1355 3258 1421 3296 est
1441 3252 1542 3295 finis
1564 3251 1767 3305 idemque

90 3323 285 3367 officium
310 3325 582 3379 reliquarum
604 3326 794 3378 artium,
824 3327 1149 3384 gymnasticae,
1185 3327 1511 3384 agriculturae,
1550 3321 1765 3364 musicae.

89 3395 208 3440 idem
227 3394 458 3452 religionis
487 3399 530 3440 et
560 3395 864 3451 divinationis,
901 3397 1063 3455 quibus
1091 3399 1276 3442 deorum
1307 3394 1625 3448 hominumque
1649 3405 1770 3435 com-
