2040 3646
749 153 1183 207 SYMPOSIUM.

1710 159 1814 216 157

135 311 299 365 μενος
326 289 495 348 ἵππον
517 287 677 366 εχων,
733 280 904 362 οὗτος
925 291 984 350 δὲ
1009 287 1167 350 ὅπλα.
1223 288 1476 369 ανεχῶρει
1514 282 1623 352 ουν
1659 291 1811 352 ἐσκε-

134 374 418 449 δασιιένων
439 372 548 454 ἤδη
570 379 678 433 τῶν
714 372 1023 450 ἀνθρώπων
1057 368 1223 448 οὐτός
1256 399 1312 435 τε
1347 373 1469 452 άμα
1488 379 1582 435 καὶ
1601 377 1812 458 Λάχης·

131 459 225 516 καὶ
249 456 349 535 ἐγω
372 458 769 536 περιτυγχάνω,
809 461 900 518 καὶ
930 458 1062 520 ἰδών
1085 458 1264 532 εὐθὺς
1295 460 1737 539 παρακελεύοιιαί
1754 486 1813 522 τε

136 540 329 602 αὐτοῖν
366 542 598 620 θαρρεῖν
630 545 723 601 καὶ
761 544 970 622 ε’λεγον,
1040 541 1124 603 ὅτι
1159 543 1268 604 οὐκ
1313 543 1593 618 ἀπολείψω
1643 545 1808 606 αὐτω.

134 626 379 686 ἐνταῦθα
411 625 482 706 δὴ
508 629 600 685 καὶ
635 627 860 687 κάλλιον
895 628 1206 709 ἐθεασάμην
1230 629 1502 735 Σωκράτη
1536 627 1574 710 ἢ
1606 630 1663 690 ἐν
1690 635 1811 691 Ho-

133 712 331 818 τιδαίᾳ·
387 709 560 785 αὐτὸς
592 735 694 790 γαρ
735 704 898 792 ἦττον
936 714 993 772 ἐν
1028 713 1188 796 φόβῳ
1222 714 1259 793 ἠ
1301 713 1392 773 διὰ
1428 712 1493 774 τὸ
1521 713 1606 793 ἐφ’
1633 718 1811 776 ἱππου

134 790 286 855 εἷ’·ναι
328 797 666 872 πρῶτονμὲν
690 793 826 856 ὅσον
857 802 1050 876 περιῆν
1073 798 1325 877 Λάχητος
1356 804 1434 876 τῷ
1470 800 1691 877 εἰιφρων
1731 797 1807 860 εἷ-
1827 813 1878 866 Β

132 901 241 939 ναι·
298 879 476 967 ε’πειτα
512 881 687 958 ἔμοιγε
724 881 927 954 ἐδόκει,
982 888 1025 941 ὠ
1060 880 1470 961 Ἆριστόφανες,
1512 906 1578 942 το
1607 882 1710 944 σόν
1735 883 1808 966 δὴ

132 969 327 1036 τοῦτο,
369 965 463 1022 καὶ
487 964 596 1023 ἐκεῖ
613 965 1044 1042 διαπορεύεσθαι
1067 964 1240 1045 ω’ςπερ
1265 970 1359 1026 καὶ
1383 967 1608 1041 ἐνθάδε,
1649 975 1811 1047 βρεν··

130 1047 410 1126 θυόμενος
434 1050 527 1107 καὶ
547 1046 865 1127 τωφθαλμω
891 1052 1281 1128 παραβάλλων,
1323 1050 1502 1131 ἠρέμα
1523 1070 1808 1130 παρασπο-

131 1138 252 1193 πῶν
284 1134 378 1192 καὶ
409 1130 544 1205 τοὺς
580 1135 804 1212 φιλίους
837 1136 932 1193 καὶ
968 1159 1064 1195 τοι
1061 1160 1103 1209 ς
1140 1137 1464 1269 πολεμίουςΙ,
1522 1141 1691 1217 δῆλος
1729 1161 1807 1199 ων

130 1219 294 1277 παντὶ
330 1218 423 1275 καὶ
458 1216 609 1277 πάνυ
645 1217 967 1295 πόρρωθεν,
1022 1218 1132 1292 ότι,
1186 1223 1242 1280 ει’
1263 1244 1345 1293 τις
1375 1218 1570 1294 αψεται
1599 1222 1812 1284 τούτου·

130 1308 237 1362 τοῦ
259 1300 487 1407 άνδρός,
530 1301 675 1378 μάλα
695 1303 1065 1381 ἐρρωμένως’
1030 1312 1322 1382 αιιυνεῖται.
1375 1303 1465 1365 διὸ
1497 1307 1590 1365 καὶ
1619 1306 1807 1386 ἄσφα-

129 1391 250 1459 λ’ῶς
275 1384 438 1463 άπήει
469 1389 562 1445 καὶ
596 1389 764 1460 οὐτος
796 1391 889 1447 καὶ
926 1387 959 1449 ὃ
990 1390 1184 1468 ἕτερος·
1242 1387 1437 1467 σχεδὸν
1473 1390 1576 1469 γάρ
1604 1415 1666 1452 τι
1698 1415 1808 1453 των

131 1493 279 1576 ουτω
319 1472 667 1548 διακειιιένων
694 1473 750 1532 ἐν
786 1479 863 1532 τῶ
899 1475 1118 1558 πολέιιω
1153 1472 1287 1533 ουδὲ
1322 1470 1613 1548 άπτονται,
1669 1475 1807 1536 ἄλλά

128 1553 264 1629 τοὺς
283 1555 699 1658 προτροπάδην
747 1534 1056 1637 φεύγοντας
1100 1557 1378 1618 διωκουσι.

1466 1558 1664 1619 Πολλά
1709 1585 1808 1638 μεν
1828 1573 1875 1630 C

129 1630 283 1702 οὖν’
259 1636 327 1701 άν
346 1663 428 1714 τις
452 1642 546 1700 καὶ
570 1638 751 1700 αλλα’
732 1643 843 1720 ε’χοι
865 1642 1138 1724 Σωκράτη
1163 1644 1439 1704 ἐπαινέσαι
1457 1646 1552 1704 καὶ
1576 1645 1808 1725 &avoni-

181 1818 324 1897 ἦττον
338 1824 386 1871 ἐν
406 1824 539 1886 φόβῳ
566 1821 623 1885 ἦ]
655 1828 730 1872 Sic
754 1829 881 1874 Bodl.
903 1833 947 1873 et
971 1829 1172 1872 nonnulli
1191 1830 1283 1874 alii.
1311 1832 1455 1888 Vulgo
1478 1826 1550 1887 ἧν.

186 1881 337 1943 ἠρέμα
353 1887 704 1944 παρασκοπῶν]
736 1888 960 1930 Bekkerus
989 1901 1042 1930 ex
1073 1887 1324 1932 coniectura
1355 1889 1475 1932 dedit
1497 1891 1805 1949 περισκοπῶν.

124 1942 269 1986 Bene

184 1995 409 2058 Σωκράτη
434 1997 703 2058 ἐπαινέσαι]
743 1998 820 2044 Sic
836 2000 945 2044 libri
962 2001 1055 2044 fere
1075 2014 1226 2046 omnes
1250 2015 1330 2059 pro
1362 2002 1486 2060 vulg.
1509 2001 1804 2063 Σωκράτους.

125 2069 168 2101 v
193 2062 342 2101 annot.

129 2212 174 2256 Ρ
197 2195 269 2241 51.
296 2221 326 2230 -
354 2188 533 2248 οὗτος
561 2195 621 2249 δὲ
649 2191 815 2246 οπλα.
845 2196 877 2240 ἰ.
894 2211 934 2242 e.

126 2251 263 2307 πεζὸς
296 2252 582 2325 στρατεύων.
617 2254 704 2297 vid.
734 2255 936 2326 Cuper.

130 2311 477 2356 Obss.1.7.-
516 2302 698 2362 οντός
731 2327 789 2356 τε
818 2327 936 2367 αμα

129 2368 231 2413 καὶ
257 2366 466 2424 Λάχης.
502 2384 542 2413 v.
580 2369 824 2437 Dialogum
849 2371 937 2413 La-

132 2425 273 2468 chetis
293 2427 470 2469 nomine
494 2426 798 2483 inscriptump
803 2426 935 2470 .181.

133 2483 188 2527 Β.
209 2483 311 2525 coll.
349 2483 527 2526 Cicer.
558 2483 612 2524 de
629 2483 778 2526 Divin.
770 2442 836 2527 PI.
862 2482 934 2529 54.

130 2540 313 2583 Strab.
338 2540 417 2582 IX.
444 2555 486 2596 p.
502 2539 600 2583 618.
629 2541 682 2583 Β.
715 2541 786 2583 ed.
816 2541 934 2585 Alm.

128 2610 244 2653 quae
263 2597 354 2640 inm
374 2597 452 2640 alii
473 2603 795 2667 compararunt.

186 2650 336 2697 Β.τό
361 2650 444 2699 σὸν
462 2651 519 2708 δὴ
538 2654 709 2709 τοῦτο]
740 2654 785 2696 h.
809 2667 846 2698 e.
876 2656 937 2697 ut

130 2711 195 2752 tu
222 2709 437 2754 dixisti.
494 2711 694 2780 Respicit
715 2712 779 2755 ad
786 2711 933 2755 Nubb.

130 2781 174 2809 v.
191 2766 290 2809 361.
320 2784 391 2812 οτι
409 2767 627 2840 βρενθύει
652 2763 689 2811 τ’
713 2766 762 2812 ἐν
781 2772 934 2811 ταῖσιν

129 2820 260 2875 ὁδοῖς
290 2823 370 2868 καὶ
408 2822 676 2881 τιόφθαλμω
699 2824 931 2895 παραβάλ-

129 2883 211 2925 λει.
249 2906 278 2915 -
327 2883 675 2954 Hesychius·
714 2879 936 2951 βρενθύε-

128 2952 222 2981 ται·
235 2942 578 2997 μεγαλοφρονεῖ,
595 2937 936 2998 ὑπερηφανεύε-

130 3010 223 3038 ται·
248 2994 497 3052 ἐπαίρεται.
519 2996 781 3040 Timaeus
805 2997 936 3041 Glos-

129 3065 215 3095 sar.
256 3068 296 3108 Ρ.
321 3053 389 3098 64
431 3053 784 3122 βρενθυόμενος·
823 3070 933 3123 γαυ-

132 3105 354 3178 ρούμενος
387 3111 465 3154 καὶ
497 3105 796 3166 ὄγκυλόμενος
820 3126 937 3167 μετα

130 3165 331 3234 βάρους.
360 3168 441 3210 ubi
463 3182 504 3212 v.
530 3168 814 3211 Ruhnken.
857 3168 936 3212 Ni-

129 3224 294 3266 mirum
344 3224 523 3266 ductum
569 3229 634 3266 est
679 3228 866 3269 verbum
907 3238 937 3268 a

131 3279 355 3348 βρένθος,
411 3282 526 3336 quod
565 3280 786 3338 significat
808 3295 935 3325 avem

130 3338 784 3452 333‘2‘3ssnf‘fflsrssfflfsszqssss
810 3339 938 3453 3252:

999 2199 1083 2242 bus
1101 2198 1388 2244 incedentem.
1445 2198 1564 2243 Hinc
1585 2197 1805 2259 βρενθύε-

1002 2258 1116 2299 σθαι
1149 2261 1215 2299 est
1242 2257 1544 2315 superbire
1571 2272 1806 2314 magno-

1001 2327 1104 2368 que
1142 2327 1262 2356 cum
1310 2308 1458 2356 fas‘tu
1507 2314 1806 2368 incedere,

1000 2369 1054 2412 ei
1067 2384 1095 2412 n
1108 2370 1809 2426 herstolziren.[Cf.imp1-i-

999 2426 1085 2470 mis
1097 2427 1152 2471 Τ.
1164 2428 1415 2470 Hemsterh.
1431 2428 1486 2471 ad
1494 2428 1672 2471 Lucian.
1684 2429 1805 2472 Dial.

999 2484 1133 2526 Mort.
1155 2485 1207 2528 X.
1229 2483 1318 2539 8]
1371 2508 1400 2518 -
1454 2479 1803 2541 τωφθαλμω

999 2537 1403 2599 παραβάλλων.
1461 2542 1509 2584 h.
1542 2556 1580 2584 e.
1632 2546 1804 2584 torvo

999 2599 1169 2640 vultu
1198 2599 1401 2640 oculos
1437 2598 1548 2640 huc
1576 2603 1627 2642 et
1654 2599 1805 2641 illuc

1001 2654 1357 2699 conficiens:
1414 2655 1532 2710 quod
1572 2661 1616 2706 et
1656 2655 1804 2710 ipsum

997 2710 1211 2754 indicium
1244 2716 1309 2754 est
1338 2714 1553 2767 superbae
1576 2702 1809 2755 ouiusdam

999 2768 1248 2824 gravitatis,
1275 2783 1389 2823 quae
1406 2769 1492 2811 hoc
1511 2770 1607 2811 loco
1630 2769 1806 2812 Socrati

998 2825 1065 2868 ita
1094 2825 1303 2868 tribuitur
1313 2856 1326 2877 ‚
1382 2829 1432 2868 ut
1467 2825 1561 2868 eius
1605 2825 1806 2869 animum

998 2882 1122 2924 nullo
1147 2881 1338 2938 periculi
1365 2882 1523 2926 timore
1552 2884 1806 2938 perculsum

997 2939 1133 2982 fuisse
1162 2938 1446 2995 significetur.
1503 2940 1696 2982 Verbum
1725 2939 1806 2982 alii

998 2996 1127 3038 aliter
1156 2996 1427 3051 interpretati
1458 3000 1579 3049 sunt,
1617 3010 1807 3051 quorum

998 3053 1223 3108 opiniones
1250 3066 1480 3095 recensere
1506 3054 1694 3110 longum
1724 3057 1807 3095 est.

998 3125 1041 3153 v.
1096 3110 1188 3176 intp
1162 3124 1233 3165 p.p
1269 3109 1550 3165 Aristophan.
1600 3112 1631 3153 1.
1669 3123 1706 3152 c.
1760 3112 1806 3153 et

999 3166 1039 3208 A
1051 3181 1070 3208 s
1083 3164 1126 3208 t
1112 3181 1165 3208 ιιι
1178 3181 1198 3208 s
1228 3167 1283 3208 ad
1315 3168 1360 3208 h.
1384 3166 1415 3209 l.
1473 3167 1678 3210 Nostram
1705 3180 1808 3208 sen-

1000 3223 1184 3266 tentiam
1210 3223 1468 3266 confirmant
1489 3225 1626 3267 verba
1658 3222 1817 3283 proxi-

999 3294 1075 3327 ma
1066 3276 1241 3350 ἠρέμα
1257 3293 1572 3350 παρασκοπων
1596 3295 1638 3324 κ.
1656 3296 1695 3324 τ.
1716 3281 1742 3324 λ
1756 3296 1789 3331 f..
1805 3287 1832 3338 :J

1057 3332 1170 3380 ἄλλα
1186 3337 1279 3394 ἔχοι
1298 3335 1522 3407 Σωκράτη
1539 3332 1710 3406 ’ἓπαινζ
1728 3377 1730 3379 ,
1814 3362 1818 3374 ;

1000 3395 1218 3453 Vulgatae
1284 3394 1469 3441 lectioni
1529 3390 1808 3493 Σωκράτους

1617 3546 1664 3593 “ae1*
1682 3546 1686 3550 ‚
