2040 3646
244 167 365 232 :144
926 165 1286 221 PLATONIS

246 305 613 385 σειληνωδες,·
653 301 876 383 σφόδρα
897 327 972 384 γε.
1013 301 1183 366 τοῦτο
1206 296 1311 386 γὰρ
1351 296 1523 381 οὗτος
1551 300 1753 380 ἔξωθεν
1787 324 1942 389 περι·-

249 391 537 470 βέβληται,
607 385 784 468 ὥςπερ
822 387 855 450 ὃ
894 390 1230 470 ἐγλυμμένος
1264 392 1550 477 Σειληνός·
1618 394 1849 456 ἔνδοθεν
1883 399 1943 456 δὲ

244 473 528 552 -ἆνοιχθεὶς
561 474 774 555 πόσης,
839 476 1054 549 οἴεσθε,
1107 477 1382 555 γέιιει,ω
1364 478 1377 496 ’
1338 475 1614 555 ωανδρες
1645 479 1942 558 συμπόται,

249 555 639 640 σωφροσύνης.
699 563 842 633 ἴστε,
899 556 983 619 ὅτι
1019 558 1138 621 οὔτ’
1151 603 1166 635 ‚
1223 557 1280 620 εἴ
1291 581 1374 635 τις
1405 564 1577 636 καλός
1613 564 1752 640 ἐστι,
1796 567 1944 644 μέλει

171 642 403 737 Εαύτῷ
424 641 624 720 οὐδέν,
669 642 809 704 ἀλλὰ
830 653 1172 724 καταφρονεῖ
1190 653 1491 721 τοσοῦτον,
1548 645 1686 710 ὅσον
1720 649 1909 711 οὕδ”“
1873 677 1943 715 αν

241 724 324 804 εἷς
363 705 620 812 οἰηθείη,
682 727 801 790 οὔτ’
826 730 984 804 εἴτις
1022 726 1323 806 πλούσιος,
1381 731 1500 793 οὔτ’
1525 735 1573 793 εἰ
1610 733 1785 818 αλλην
1818 738 1940 800 τινα

241 813 410 896 τιιιὴν
448 816 583 893 ἔχων
618 819 727 876 τῶν
759 812 878 875 υπὸ
913 821 990 875 π)
991 815 1180 896 η’θους
1220 819 1679 896 μακαριζομένων.
1734 821 1941 903 ἡγεῖται

241 902 303 960 δὲ
336 899 517 961 παντα
553 905 728 962 ταῦτα
762 898 830 960 τὰ
854 900 1101 982 κτήματα
1141 900 1379 976 ουδενὸς
1402 902 1528 975 αξια
1551 908 1645 965 καὶ
1669 904 1814 989 ἡμᾶς
1834 909 1939 970 οὔ·-

240 987 336 1047 δὲν
366 982 530 1062 εἶναι,
586 982 1014 1067 εἰρωνευόμενος
1046 989 1108 1048 δὲ
1131 988 1229 1048 καὶ
1255 991 1467 1066 παίζων
1488 989 1668 1052 παντα
1689 991 1788 1054 τὸν
1810 995 1937 1073 βίον

295 1235 436 1285 τοῦτο
465 1231 521 1285 οὕ
543 1236 840 1298 σειληνῶδες;
858 1239 878 1298 ]
908 1236 1208 1297 Reposuimns
1237 1233 1294 1286 οὗ
1318 1255 1398 1298 pro
1419 1258 1475 1287 ον
1507 1254 1560 1286 ex
1579 1240 1711 1288 libris
1741 1242 1934 1303 optimis.

233 1312 277 1341 v
298 1302 573 1426 ἓῦιλῗιῖμὲνος
597 1357 651 1399 Σ.
652 1355 681 1427 ]
712 1355 762 1398 V.
755 1352 1104 1430 γεγλυμμένος.
1161 1355 1343 1422 Aliquot
1359 1356 1466 1401 libri
1479 1356 1848 1430 ἐγγεγλυμμένος..

231 1465 234 1469 ,
291 1413 372 1457 καὶ
405 1410 529 1469 ἡμᾶς
561 1411 698 1457 οὐδὲν
731 1411 876 1466 εἶναι,
918 1414 1066 1472 εἴρων.
1081 1414 1100 1470 ]
1145 1415 1252 1457 Post
1287 1410 1425 1458 οὐδὲν
1456 1413 1574 1459 εἶναι
1635 1415 1823 1462 lurimi
1810 1420 1933 1475 nique

232 1471 391 1526 optimi
417 1471 524 1514 libri
550 1482 652 1513 cum
680 1470 748 1515 ed.
775 1472 878 1514 Bas.
900 1470 941 1514 2.
972 1473 1256 1529 interponunt
1275 1471 1417 1517 verba
1447 1472 1564 1530 λέγω
1587 1478 1711 1533 υμῖν.
1767 1478 1931 1521 Errorc

223 1528 279 1577 ,id
298 1530 479 1582 factum,
510 1528 687 1586 opinor.
717 1543 760 1572 v.
785 1533 932 1573 annot.

1168 1667 1331 1728 πόσης,
1362 1670 1542 1724 οἴεσθε,
1569 1671 1730 1729 γέμει]
1762 1673 1930 1718 Notan-
1991 1704 1993 1707 -

1112 1725 1216 1770 (lum
1233 1745 1277 1772 cs
1282 1731 1398 1772 thoe
1418 1730 1577 1775 οἴεσθε
1595 1731 1806 1775 orationis
1832 1733 1927 1775 ani-

1111 1788 1299 1829 mandae
1330 1802 1463 1830 cansa
1495 1788 1788 1832 interiectum
1818 1791 1926 1832 Lu-

224 1668 328 1726 Itaq
331 1685 388 1713 ue
441 1670 556 1715 haec
609 1670 840 1714 commode
888 1669 1048 1714 referri

229 1686 410 1784 posgunt
446 1730 503 1771 ad
530 1724 583 1773 τὸ
601 1727 843 1798 ἐρωτικῶς
876 1729 1047 1773 διακεῖ-

230 1789 348 1830 σθαι
381 1790 424 1829 et
462 1783 515 1831 τὸ
547 1784 702 1831 πάντα
737 1780 920 1841 αγνοεῒν
965 1785 1046 1830 καὶ

229 1841 368 1888 οὐδὲν
392 1843 578 1895 εἰδέναι.
636 1845 687 1887 Ιιι
720 1844 808 1886 hoc
838 1845 904 1899 ips
885 1858 933 1886 so
968 1859 1048 1887 an-
1112 1844 1257 1886 cian.
1288 1844 1497 1901 Necyom.
1537 1846 1664 1888 c.14.
1711 1847 1789 1890 καὶ
1812 1849 1923 1890 ταῦ-

222 1906 318 1949 tem
345 1903 548 1945 Socrsatc
569 1901 730 1944 similis
755 1908 850 1945 erat
872 1902 1046 1957 Satyris

226 1965 361 2015 atque
399 1959 586 2011 silenis,
646 1972 837 2014 quornm
883 1960 1042 2002 faciem

225 2021 398 2060 constat
419 2023 514 2059 tum
540 1990 740 2060 libidinis
765 2023 809 2059 et
828 2033 854 2073 p
843 2017 1045 2059 roteni-

225 2074 351 2130 tatis‚
412 2080 507 2118 tum
549 2074 814 2131 stupiditatis
851 2075 1043 2130 speciem

223 2145 329 2186 prae
360 2147 407 2173 se
431 2132 599 2175 tulisse.
657 2132 798 2182 Aliter
825 2132 937 2174 hacc
969 2147 1043 2175 ex-

222 2189 374 2244 pedire
394 2189 539 2232 conati
562 2194 660 2232 sunt
690 2190 920 2232 Bastius
946 2190 976 2232 l.
1002 2205 1038 2232 c.

224 2251 268 2288 et
310 2245 627 2289 Greuzerus
668 2247 860 2290 Studior.
900 2248 954 2290 Τ.
979 2247 1038 2291 ΙΙ.

219 2316 262 2359 p.
288 2304 386 2346 231.
406 2310 448 2347 et
474 2320 515 2360 p.
541 2304 639 2347 290.
670 2304 862 2347 -Redit
888 2309 1038 2347 autem

218 2361 426 2416 deinceps
474 2358 727 2404 Alcibiades
796 2362 852 2404 ad
907 2362 1036 2405 illam

215 2419 618 2478 comparationem,
660 2434 746 2475 qua
773 2424 902 2462 antea
929 2434 1034 2461 usus

220 2482 344 2530 erat,
406 2481 540 2532 atque
588 2475 714 2519 docet
746 2476 882 2533 longe
912 2477 1034 2518 alind

218 2533 326 2588 quid
366 2533 485 2576 intus
518 2534 587 2576 in·
605 2535 786 2577 Socrate
826 2548 922 2576 esse
964 2547 1036 2576 re·-

216 2591 461 2644 conditum,
491 2591 652 2659 quippe
669 2592 745 2647 qui
763 2595 807 2634 et
826 2590 1035 2634 diviniori

217 2648 363 2691 amori
387 2624 560 2691 deilitns
583 2650 638 2691 sit
667 2663 802 2703 quam
826 2648 903 2704 qui
929 2656 1033 2691 cum

216 2704 472 2749 Silenorum
517 2704 702 2749 libidine
754 2705 891 2761 possit
927 2720 1033 2748 con-

213 2763 350 2816 ferri,
395 2769 441 2808 et
461 2763 677 2831 sapientia
699 2769 878 2806 ornatus
906 2773 1032 2819 pror-

214 2833 290 2863 sus
309 2820 544 2877 singulari.
602 2821 656 2862 In
677 2835 763 2876 quo
788 2820 883 2862 loco
907 2831 1031 2875 pror

213 2891 290 2919 sus
326 2878 561 2934 egregium
599 2883 664 2919 est
704 2883 747 2919 et
787 2877 1030 2920 venustatis

211 2934 517 3004 plenissimum
527 2935 644 2991 quod
655 2934 762 2977 dicit
780 2935 920 2978 τοῦτο
937 2930 1023 2993 γὰρ

212 3010 244 3024 ⁴-
273 2991 621 3050 περιβέβληται,
675 3005 802 3035 nam
831 2996 1026 3034 exter-

210 3063 337 3092 nam
369 3051 520 3092 lianc
550 3050 787 3092 formam
816 3054 870 3091 et
901 3063 1025 3103 spe-

209 3107 358 3150 ciem
382 3105 489 3150 ille
530 3106 700 3162 quasi
731 3106 1026 3174 superim⁴

207 3164 403 3219 posuit
432 3164 682 3207 internis
711 3160 893 3206 animi
921 3163 1026 3205 vir-

207 3221 440 3264 tutibus
468 3254 480 3275 ‚
550 3221 1023 3277 quemadmodum

205 3265 553 3321 Silenornni
607 3282 837 3320 statuae
889 3290 1025 3320 con-

206 3338 413 3391 tegunt
464 3340 517 3378 et
573 3335 914 3378 reconditas
964 3333 1022 3377 in

204 3404 260 3438 se
289 3393 508 3438 habent
551 3390 849 3450 imagines
879 3391 1022 3437 ‹leo-
1087 3406 1115 3446 p

203 3459 340 3493 rum·

1110 1917 1169 1944 τα
1198 1902 1298 1952 πῶς
1338 1903 1426 1946 οἴει
1458 1898 1667 1960 βαρεῖς”
1641 1919 1792 1956 οντεςς
1843 1902 1924 1947 ubi

1110 1959 1581 2002 Hemsterhusius
1607 1967 1781 2016 praeter
1800 1961 1921 2004 hunc

1107 2016 1257 2058 locum
1279 2014 1466 2059 contulit
1495 2017 1718 2062 Oenom.
1743 2033 1797 2073 ap
1802 2020 1924 2061 ,Eu-

1108 2074 1200 2116 seb.
1250 2075 1286 2115 1’
1266 2088 1407 2144 raep.
1443 2076 1616 2143 Evang.
1650 2092 1694 2132 p.
1730 2034 1828 2119 214.
1864 2077 1919 2119 Β

1108 2127 1193 2184 ἐγώ
1229 2123 1313 2174 οὖν
1343 2147 1405 2182 ως
1434 2126 1639 2190 ἤκουσα,
1696 2133 1798 2183 πῶς
1828 2132 1920 2178 οἴει

1105 2185 1440 2244 ἠγανάκτησα,
1526 2188 1663 2232 Plura
1736 2187 1921 2233 collcwit

1102 2245 1212 2347 ‘laic
1181 2260 1220 2357 ἐ
1228 2245 1314 2346 ιι1(.ἰ)
1308 2261 1366 2288 οι
1379 2248 1408 2290 f.
1433 2246 1487 2290 ad
1509 2243 1739 2290 Theaetet.
1757 2262 1799 2302 p.
1820 2226 1918 2291 137.

1159 2362 1210 2403 Ε.
1267 2356 1377 2405 ὅσον
1399 2354 1500 2404 οὐδ’
1522 2355 1582 2404 ὃὶν
1607 2358 1672 2411 εἷς
1694 2359 1915 2418 οἰηθείη]

1102 2424 1463 2486 quantopere
1534 2428 1693 2461 nemo
1750 2419 1918 2474 quis-

1100 2489 1263 2529 qnam
1303 2474 1637 2518 crediderit
1689 2487 1735 2518 v
1777 2475 1834 2519 ad
1871 2489 1914 2532 p.

1099 2531 1280 2575 214.1).

1160 2590 1203 2633 εἰ
1224 2585 1364 2645 ἄλλην
1390 2605 1497 2633 τινα
1521 2588 1593 2646 τ]
1625 2593 1718 2632 aut
1746 2603 1913 2646 prae-

1099 2649 1256 2690 terea
1297 2647 1512 2688 honore
1565 2646 1765 2720 aliquo
1820 2661 1913 2690 or-

1098 2709 1281 2749 natus.
1342 2705 1410 2745 De
1442 2704 1529 2745 hoc
1559 2698 1698 2759 αλλην
1731 2703 1816 2746 vid.
1853 2705 1910 2747 ad

1097 2762 1130 2803 A
1138 2762 1285 2818 p.olog
1309 2759 1476 2803 socrat.
1507 2775 1546 2815 p
1570 2760 1639 2804 78.
1677 2766 1810 2816 atque
1836 2762 1911 2803 In·—

1095 2817 1180 2860 dic.
1212 2842 1239 2850 -
1280 2819 1346 2860 Dc
1369 2816 1481 2874 ἔχων
1500 2817 1780 2887 praecedenti
1815 2813 1912 2861 ἐστί

1093 2874 1160 2918 ita
1186 2873 1411 2928 subiecto,
1445 2880 1494 2917 ut
1517 2874 1629 2930 ἔχων
1651 2873 1772 2918 ἐστίν
1788 2874 1907 2917 idem

1093 2932 1151 2975 sit
1175 2934 1292 3000 qnod
1315 2930 1402 2988 ἔχει
1423 2933 1475 2974 cf.
1494 2933 1720 2975 Phaedon.
1748 2947 1788 2987 p.
1806 2931 1905 2974 100.

1090 2989 1145 3032 Ῑ).
1186 2987 1309 3033 διότι
1338 2988 1481 3033 καλόν
1505 2985 1626 3032 ἔστιν
1661 2986 1845 3057 ὁτιοῦν,
1874 2984 1906 3044 ἢ

1091 3041 1906 3172 Ζητχῖω’ΐιῖἷῖανῗξξοῖχοῖσῇιῖἕέμξ

1090 3157 1190 3203 297.
1225 3162 1275 3204 Ε.
1339 3156 1463 3206 τοῦτ’
1501 3159 1623 3204 ἔστιν
1662 3155 1905 3218 ὀρθότατα

1091 3218 1167 3261 καὶ
1193 3214 1390 3261 κάλλιστ’
1414 3216 1528 3289 ἕχον

1145 3271 1225 3320 καὶ
1254 3273 1375 3332 ἡμᾶς
1410 3271 1546 3319 οὖδεν
1574 3270 1721 3329 εἶναι]
1776 3274 1835 3316 Η.
1861 3285 1900 3316 e

1089 3338 1258 3389 atquo
1298 3346 1419 3390 nos,
1476 3332 1571 3389 qui
1611 3332 1760 3374 talia
1799 3344 1904 3387 apa
1928 3356 1943 3367 s

1130 3398 1373 3444 etamus,
1427 3389 1595 3434 nullo
1623 3386 1678 3430 in
1707 3403 1899 3432 nume-

1085 3460 1147 3493 ro
1189 3441 1487 3493 habendos
1523 3450 1736 3492 censet.
1804 3446 1896 3493 Ita·
1942 3468 1944 3471 ·
