2040 3646
741 150 1171 204 SYMPOSJUM.

1717 154 1785 210 87

104 287 232 350 λαια
255 287 540 368 πράγματα
561 287 685 364 περὶ
705 285 907 360 θεούς,
949 310 986 345 α
1015 283 1272 357 Ησίοδος
1294 284 1389 344 καὶ
1433 276 1787 364 Παρμενίδης

103 376 389 454 λέγουσιν,
428 344 656 476 ’Avo'cyn-{J
678 373 772 476 καὶ
809 395 919 431 ουκ
927 368 1142 448 ”Eoum
1162 369 1436 450 γεγονέναι
1451 413 1467 444 ,
1509 370 1557 429 εἰ
1594 369 1786 429 ἐκεῖνοι

105 458 295 539 αληθῆ
319 460 518 537 ε’λεγον·
572 453 646 515 οὕ
669 453 772 535 γὰρ
797 452 865 515 ἂν
886 456 1102 531 ἑκτομαὶ
1134 453 1270 515 ουδὲ
1275 455 1497 558 δεσμοὶ
1532 450 1786 559 ἀλλήλων

106 545 377 651 ἐγίγνοντο
398 543 492 601 καὶ
519 538 659 599 αλλα
678 538 855 600 πολλα
878 541 972 599 καὶ
993 540 1174 618 βίαια,
1216 539 1264 599 εἰ
1275 534 1483 625 ’Ἐρως
1505 537 1562 597 ἐν
1596 535 1789 611 αυτοῖς

103 622 208 709 ἦν,
251 624 391 686 ἄλλα
417 627 576 705 φιλία
607 626 701 684 καὶ
734 625 956 705 εἰρήνη,
1013 620 1189 698 ὥςπερ
1222 626 1357 695 νῦν,
1411 611 1483 693 ἐξ
1499 645 1576 681 ου
1594 619 1789 701 ’Έρως

102 718 211 773 τῶν
242 717 391 771 θεῶν
413 708 704 787 βασιλεύει.
791 710 943 782 Νέος
975 709 1075 786 μὲν
1106 700 1211 768 οὗν
1246 709 1388 780 ἐστι,
1440 703 1584 791 πρὸς
1619 708 1680 766 δὲ
1711 729 1786 790 τω

103 798 209 857 νέω
237 794 461 867 ἁπαλός·
518 798 760 873 ποιητοῦ
793 792 842 853 δ’
879 795 1023 853 ἔστιν
1056 790 1249 898 ἐνδεὴς
1284 787 1403 864 οἶος
1436 792 1509 872 ἠν
1518 765 1794 870 Όμηρος,
1806 811 1865 865 D

14 897 17 901 ’
102 858 244 959 πρὸς
266 877 330 939 τὸ
355 876 611 948 ἐπιδεῖξαι
647 883 794 936 θεοῦ
817 875 1147 984 ἁπαλότητα.

1217 873 1470 955 Όμηρος
1492 898 1597 954 γαρ
1619 872 1792 954 ’Ἄτην

104 965 242 1025 θεόν
260 964 318 1023 τέ
341 976 516 1042 φησιν
540 957 677 1021 εἶναι
698 963 791 1021 καὶ
815 960 1047 1044 ἁπαλήν·
1070 958 1225 1035 τοὺς
1249 965 1390 1040 γοῦν
1412 958 1592 1033 πόδας
1612 957 1788 1042 αὐτῆς

107 1046 361 1123 ἁπαλούς
385 1054 522 1108 εἰναι
533 1089 549 1119 ,
590 1045 762 1124 λέγων

476 1153 579 1210 της
602 1128 758 1234 gce'v6’
781 1127 983 1189 απαλοὶ
1020 1128 1203 1202 πόδες·
1251 1151 1327 1188 ου
1351 1150 1456 1207 γαρ
1480 1125 1562 1187 ἐπρ
1585 1123 1786 1199 οὔδεος

228 1214 508 1288 πίλναται,
552 1213 669 1273 αλλ’
692 1212 800 1292 ἄρα
824 1211 866 1294 ἥ
889 1238 946 1293 γε
973 1213 1088 1274 κατ’
1114 1212 1328 1291 ανδρῶν
1358 1211 1568 1291 κράατα
1596 1212 1786 1288 βαίνει.

105 1304 202 1359 καλ
196 1305 258 1378 ᾧ
279 1302 384 1362 οὐν
405 1303 558 1359 δοκεῖ
575 1316 668 1376 μοι
689 1300 957 1382 τεκιιηρίω
976 1297 1077 1379 τὴν
1103 1269 1417 1378 απαλότητα
1442 1294 1788 1374 αποφαίνειν,

107 1381 192 1444 ὅτι
216 1407 328 1444 ουκ
351 1384 438 1444 ἐπὶ
448 1388 699 1465 σκληροῦ
711 1385 903 1482 βαίνει,
927 1381 1046 1445 αλλ’
1063 1385 1152 1444 ἐπὶ
1173 1387 1488 1461 μαλθακοῦ.
1529 1385 1608 1464 τῷ
1636 1378 1789 1464 αὐτῷ
1808 1398 1861 1454 Ε

105 1565 262 1614 θωνος
287 1561 365 1607 καὶ
402 1561 585 1632 Κρόνος
616 1561 692 1608 ἐπὶ.
722 1564 816 1608 τῶν
841 1578 914 1619 γε·

136 1620 294 1665 όντων.
344 1635 385 1664 v.
423 1622 558 1677 intpp.
595 1622 651 1663 ad
685 1621 861 1677 Aristop
862 1622 912 1669 h

145 1680 225 1722 lut.
247 1693 290 1721 v.
313 1676 411 1721 589.
433 1685 477 1721 et
499 1678 611 1723 994.
627 1679 914 1721 Hemster-

105 1736 234 1777 hus.
260 1734 317 1778 ad
345 1735 910 1793 Lucian.Dialog.De01-.

108 1791 241 1838 11.1.
279 1791 502 1850 Erasmi
531 1768 727 1850 Adagg.
721 1808 763 1849 Ρ.
782 1792 882 1836 110.

166 1898 267 1947 Ο.“
238 1919 270 1947 α
288 1897 494 1953 “Ησίοδος
513 1902 592 1948 καὶ
604 1905 914 1961 Παρμενίδης]

109 1961 278 2006 Nomen
293 1961 568 2004 Parmenidis
592 1962 630 2003 A
646 1977 664 2004 s
681 1963 764 2005 tiu
777 1977 796 2004 s
817 1977 916 2004 mu-

111 2018 293 2062 tandum
333 2023 479 2061 censet
523 2018 571 2061 in
610 2015 916 2075 Ἐπιμενίδης,

108 2080 342 2132 propterea
359 2075 474 2130 quod
489 2075 542 2116 de
556 2076 792 2131 theogonia
805 2078 917 2118 Par-

109 2133 312 2174 menidea
326 2133 439 2174 nihil
456 2133 693 2175 memoriae
708 2134 915 2176 traditum

110 2193 191 2231 est.
250 2189 368 2243 Quid
390 2188 533 2231 vero?
557 2190 612 2231 -si
634 2190 915 2232 Parmenides

110 2246 160 2288 in
191 2246 331 2288 altera
373 2245 582 2288 carminis
614 2252 760 2301 parte,
799 2261 915 2288 nune

113 2302 363 2357 deperdita,
389 2302 540 2359 vulgi
587 2303 812 2358 opiniones
863 2303 917 2345 de

113 2359 198 2401 diis
226 2373 464 2414 eorumque
491 2334 641 2404 ‘’rebus
679 2375 756 2416 ges
739 2361 815 2402 stis
843 2374 918 2402 ex-

111 2415 346 2482 posuerit?
405 2416 535 2470 Quod
561 2417 600 2459 si
639 2431 793 2460 ιοιιιιιι
822 2430 917 2459 esse

110 2472 358 2528 ponimus-
386 2486 488 2515 nam
507 2487 586 2527 pro
605 2488 708 2516 vero
727 2474 920 2516 affirma-

110 2543 162 2572 re
175 2543 304 2571 nemo
318 2529 511 2572 audeat
498 2544 544 2572 m
565 2534 684 2573 tanta
700 2535 920 2573 certorum

111 2585 462 2630 testimoniorum
495 2588 677 2641 penuria
713 2611 743 2621 -
778 2587 922 2630 mani-

113 2643 275 2685 festum
297 2650 362 2686 est
370 2643 648 2700 Agathonem
667 2659 771 2700 prae
782 2644 920 2686 nimio

114 2699 339 2741 doctrinae
351 2702 627 2744 ostentandae
639 2702 798 2754 studio,
814 2701 920 2756 quid

113 2755 231 2799 inter
261 2756 446 2799 Hesiodi
481 2762 612 2812 atque
643 2758 920 2801 Parmenidis

113 2812 387 2855 narrationes
442 2813 690 2867 interesset,
740 2829 920 2871 prorsus

115 2883 200 2911 non
225 2869 339 2910 ιίᾶίε
343 2883 389 2911 se
419 2870 614 2926 adeoque
647 2886 762 2914 nunc
791 2872 921 2914 dissi-

115 2925 307 2968 millima
328 2931 496 2968 temere
519 2927 634 2970 inter
661 2943 707 2970 se
741 2930 922 2970 consun-

119 2983 221 3024 dere
239 2996 289 3024 ac
311 2983 510 3025 miscere.
563 2986 631 3027 De
645 2985 921 3027 Parmenidis

117 3039 312 3081 carmine
335 3054 374 3081 ν.
399 3041 437 3082 Β
447 3054 470 3081 ι·
482 3054 508 3082 a
520 3055 547 3083 n
561 3042 586 3082 d
599 3056 623 3082 e
635 3057 665 3083 s.
691 3043 924 3084 Commen-

115 3096 393 3194 tatssalgleatt.
419 3097 456 3142 Ι.
489 3112 528 3153 Ρ.
564 3099 662 3141 127.
696 3104 843 3142 annot.
867 3099 924 3143 ad

114 3165 145 3195 v

171 3206 298 3263 ’Avoiy
301 3213 379 3266 κῃ]
402 3209 515 3253 Nam
537 3214 667 3254 tanta
673 3211 755 3253 fuit
777 3227 827 3253 ex
847 3227 922 3253 ve-

115 3269 261 3308 terum
290 3254 504 3309 sententia
524 3267 592 3309 vis
625 3267 921 3321 Necessitati&

119 3326 169 3364 ut
197 3321 238 3362 ei
283 3337 370 3364 non
398 3324 542 3366 solum
578 3325 804 3376 hominos,
845 3327 921 3367 sed

121 3378 253 3426 etiam
263 3378 327 3423 dii
340 3379 526 3426 subiecti
534 3386 692 3427 essent.
702 3395 745 3424 v..
757 3382 788 3424 S
798 3396 824 3437 p
835 3397 862 3427 ιι
872 3398 921 3426 ιι-

975 1565 1010 1608 Ῑι
1023 1579 1120 1608 em.
1151 1564 1208 1608 ad
1236 1562 1500 1608 Callimach.
1539 1561 1706 1619 Hymn.
1741 1560 1790 1604 in

977 1624 1078 1666 Del.
1087 1637 1139 1666 v-.
1160 1621 1259 1665 122.

1035 1673 1091 1723 οὗ
1125 1672 1212 1737 γὰρ
1252 1693 1311 1722 αν
1346 1673 1535 1744 ἕκτομαὶ
1576 1667 1686 1718 οὔδε
1717 1673 1787 1729 6.]

974 1727 1599 1807 Euthyp11r.c.v1.a23zoz
1622 1727 1710 1789 γὰρ
1742 1730 1790 1774 οὶ

979 1789 1226 1865 ἅνθρωποι
1243 1789 1525 1861 τυγχάνουσι
1529 1790 1790 1844 νομίζοντες

977 1850 1060 1894 τὸν
1089 1851 1183 1894 Δία
1219 1850 1310 1892 τῶν
1339 1849 1466 1892 θεῶν
1495 1843 1686 1915 αριστον
1710 1843 1791 1888 καὶ

979 1906 1297 1976 δικαιότατον,
1323 1904 1404 1949 καὶ
1428 1905 1597 1947 τοῦτον
1625 1898 1792 1957 ὁμολο-

978 1966 1111 2019 γοῦσι
1142 1961 1223 2008 τὸν
1243 1959 1389 2008 αὑτοῦ
1418 1958 1596 2031 πατέρα
1624 1960 1780 2028 δῆσαι,

981 2020 1055 2068 ότι
1077 2037 1186 2071 τους
1215 2020 1330 2070 υἱεῖς
1365 2017 1607 2062 κατέπινεν
1636 2012 1721 2061 οὐκ
1743 2013 1791 2059 ἒν

980 2080 1104 2136 δίκῃ,
1134 2072 1346 2121 κακεῖνὸν
1371 2092 1420 2131 γε
1446 2068 1503 2118 αὖ
1525 2070 1606 2117 τὸν
1641 2070 1791 2119 αυτοῦ

980 2137 1154 2194 πατέρα
1176 2133 1374 2189 ἐκτεμεῖν
1398 2127 1456 2176 δι’
1479 2129 1609 2188 ε’τερα
1631 2130 1794 2174 τοιαῦ-

977 2210 1050 2237 τα.
1096 2208 1139 2235 v.
1182 2193 1295 2234 Hes
1311 2191 1413 2234 lod
1463 2190 1698 2246 Theogon.
1748 2202 1789 2231 v.

979 2250 1066 2294 173
1113 2264 1206 2319 sqq.

1037 2308 1092 2350 D.
1120 2301 1216 2361 ’Όμ
1185 2320 1330 2372 μηρος
1365 2319 1452 2361 γαρ
1492 2297 1665 2358 ’Ἇτην-
1675 2303 1696 2356 ]
1740 2301 1791 2344 V.

980 2365 1208 2408 Homer.
1246 2361 1372 2404 Iliad.
1407 2361 1527 2404 xlx.
1554 2375 1597 2402 v.
1616 2359 1674 2402 92
1699 2373 1792 2413 sqq.
1825 2386 1842 2402 x

982 2420 1155 2464 Iniuria
1198 2418 1235 2461 Ο
1252 2434 1273 2460 ι·
1284 2433 1308 2460 e
1325 2418 1465 2460 llius
1502 2418 1558 2460 ad
1583 2418 1716 2458 Isocl.
1746 2430 1791 2470 Ρ.

985 2478 1084 2521 330.
1107 2478 1267 2518 verba.
1307 2471 1417 2524 τοὺς
1446 2475 1559 2528 ’γοῦν
1587 2471 1736 2522 πόδας
1764 2494 1794 2504 -

986 2531 1168 2603 κράατα
1188 2532 1363 2587 βαίνει,
1393 2534 1449 2574 ab
1485 2531 1630 2573 aliena
1659 2542 1795 2570 manu

984 2591 1244 2659 interposita
1263 2603 1357 2631 esse
1374 2590 1569 2645 putabat.
1620 2585 1794 2640 Quibus

986 2648 1139 2691 eiectis
1161 2646 1358 2703 proxima
1379 2660 1466 2687 non
1494 2643 1705 2687 habitura
1726 2657 1796 2684 es-

987 2711 1082 2748 sent
1101 2719 1210 2758 quoi
1212 2717 1309 2745 sum
1327 2703 1610 2744 referrentur.
1641 2699 1794 2753 Neque

983 2762 1069 2805 ista
1086 2775 1291 2803 versuum
1316 2758 1658 2801 Homericorum
1681 2755 1796 2797 reci-

983 2819 1092 2863 tatio
1114 2817 1203 2860 indi
1242 2831 1297 2859 na
1319 2821 1384 2858 est
1400 2813 1680 2879 Agathonis'
1667 2827 1796 2868 lnge-

982 2876 1086 2928 nio,
1123 2889 1181 2930 qu
1293 2874 1384 2915 iam
1425 2877 1554 2915 antea
1603 2869 1794 2912 xidimus

984 2932 1107 2975 inani
1137 2933 1325 2986 quadam
1359 2944 1408 2971 se
1445 2929 1612 2971 iactare
1633 2925 1798 2968 doctri-

984 3004 1026 3032 ιι
1030 3004 1069 3031 ιθ
1117 2991 1318 3030 ubertate
1365 2990 1497 3053 atque
1551 2983 1795 3052 elegantia.

990 3045 1109 3100 Quid
1129 3045 1242 3111 quod
1264 3045 1398 3086 haec.
1429 3038 1485 3086 οὐ
1512 3038 1597 3098 γὰρ
1621 3017 1694 3084 ἐπὶ
1714 3039 1798 3094 ’γῆς
1874 3024 1885 3074 s

988 3103 1137 3160 βαίνει
1169 3095 1265 3146 οὐδ’
1307 3097 1382 3143 ἐπὶ
1414 3099 1640 3156 κρανίων,
1680 3109 1798 3151 quae

988 3160 1055 3214 Ag.
1042 3160 1164 3200 atho
1202 3158 1358 3199 deinde
1399 3157 1452 3199 de
1486 3155 1649 3197 Amare
1675 3152 1797 3204 dicit,

985 3216 1140 3259 deletis
1152 3213 1382 3256 versiculis
1391 3211 1657 3263 Homericis,
1665 3224 1720 3251 ne
1730 3209 1796 3251 in-

973 3272 1130 3329 telligi
1143 3271 1318 3328 quidem
1342 3271 1434 3311 ullo
1443 3269 1574 3312 modo
1589 3270 1762 3334 possent
1771 3265 1797 3308 ’ἒ

1045 3326 1122 3373 ἐπὶ
1171 3327 1448 3394 μαλθακοῦ]
1511 3325 1633 3369 Dixit
1678 3323 1798 3367 enim

990 3384 1086 3432 κατ’
1117 3381 1302 3443 ἀνδρῶν
1323 3381 1517 3442 κράατα.
