2040 3646
178 549 237 603 D

261 159 362 220 102

262 310 370 369 μην
397 285 719 372 ᾆντιλέγειν,
758 285 875 346 ἀλλ’
911 284 1088 361 οὕτως
1125 288 1310 375 tysim,
1353 288 1429 363 ὥς
1464 288 1540 349 σύ
1566 290 1776 369 λέγεις.-

917 152 1273 204 PLATONIS
1300 192 1302 194 »

1842 293 1932 354 Ου

261 374 359 450 μὲν
383 372 488 430 οὐν
508 375 576 448 τῇ
600 367 859 453 ἀληθείᾳ,
901 372 1091 451 φάναι,
1135 375 1179 432 ὥ
1202 375 1497 453 φιλούιιενε
1523 373 1784 454 Λγάθων,
1827 377 1931 438 δύ-

261 469 425 517 νασαι
450 453 752 534 αντιλέγειν·
797 457 909 516 ἐπεὶ
932 456 1214 535 Σωκρατει
1233 482 1290 537 γε
1319 458 1487 519 οὐδὲν
1512 459 1762 537 χαλεπόν.

430 539 855 643 Cap.XX11.-

904 543 1042 601 Καὶ
1078 543 1139 601 σὲ
1164 543 1274 619 μέν
1308 567 1366 622 γε
1403 542 1513 623 ἠδη
1542 544 1699 603 ἐάσω·
1740 542 1838 605 τὸν
1871 529 1938 605 δὲ.

257 622 424 713 λόγον
442 621 539 683 τὸν
560 625 684 703 περὶ
708 630 835 694 τοῦ
835 620 1155 705 ’Έρωτος,
1174 624 1240 687 ὅν
1273 626 1394 687 ποτ’
1416 626 1640 713 ἥκουσα
1672 627 1932 707 γυναι-κὸς

257 700 602 789 Μαντινικῆς
625 706 921 794 Διοτίμὰς,
978 708 1015 791 ἣ
1059 711 1234 778 ταῦτά
1266 735 1323 772 τε
1363 710 1516 793 σοφὴ
1551 714 1622 794 ἠν
1658 717 1751 773 καὶ
1792 712 1932 773 ἄλλα

251 792 461 891 πᾳλλά,
503 794 597 853 καὶ
616 792 929 875 Αθηναιοις
949 796 1079 858 ποτὲ
1099 797 1438 875 θᾞσαμένοις
1462 795 1572 876 πρὸ
1603 804 1708 857 τοῦ
1727 804 1934 877 λοιμοῦ

304 954 380 1004 Οὐ
408 958 493 1016 μὲν
522 951 607 1006 οὖν
633 976 674 1004 τ
684 955 771 1004 ἄλ.
785 961 804 1017 ]
850 961 973 1006 Male
1005 966 1111 1007 vett.
1144 963 1265 1009 editt.
1308 958 1573 1021 Οὕμενουν,
1603 963 1721 1020 quod
1742 962 1931 1006 correxit

248 1017 487 1063 nokkerus.
515 1033 558 1062 v.
578 1021 726 1091 annot.

288 1094 410 1151 Cap.
426 1085 598 1142 ¹xX11L:
614 1095 841 1151 γυναικὸς
849 1097 1146 1156 ·Μαντινικῆς
1165 1101 1221 1144 A.
1235 1098 1255 1155 ]
1290 1097 1364 1141 Sic
1382 1097 1490 1142 libri
1507 1097 1770 1155 Flex-catini,
1797 1097 1927 1142 Bodl.

248 1152 348 1204 alu.
373 1153 521 1210 Vulgo
535 1154 769 1211 μαντικῆς.
801 1169 842 1200 v.
871 1158 1017 1223 annot.

308 1286 572 1349 Οὗμὲνοῦν
595 1295 653 1354 τῇ
675 1291 744 1340 ἄλ.
759 1297 778 1353 ]
809 1296 856 1339 h.
874 1310 911 1340 e.
939 1310 1053 1340 1mo
1088 1301 1091 1303 ’

247 1365 384 1396 vero
428 1357 624 1396 contra
673 1354 1055 1396 veritatem

247 1423 354 1450 non
381 1414 544 1464 potes
571 1410 898 1467 disputare3
929 1425 1055 1454 nam

249 1463 447 1507 contra
486 1466 781 1510 Socratem
823 1467 1055 1538 quidem

247 1519 364 1565 tibi
394 1517 565 1564 facile
594 1529 696 1566 est.
755 1524 830 1566 Sic
860 1541 942 1579 μεν
970 1518 1055 1572 οὖν

246 1578 440 1634 positum
460 1580 596 1635 Gorg.
623 1580 786 1635 Ρ4.66.
806 1582 859 1624 Α.
876 1583 934 1625 Ε.
964 1583 1056 1627 Eu-

247 1635 441 1693 thydem.
468 1652 511 1692 p.
534 1594 650 1680 394Ρ
654 1614 706 1680 Ε.
733 1638 791 1681 al.

304 1748 410 1804 Cap.
451 1750 593 1792 XXII.
651 1751 706 1794 D.
766 1752 1057 1808 Μαντινικῆς

247 1806 492 1876 Διοτίμας]
517 1808 702 1849 Vocatur
716 1808 911 1852 Diotima
923 1812 1055 1853 Μαν-

246 1861 414 1918 τινική,
444 1870 494 1904 ut
514 1878 556 1917 p.
578 1863 676 1906 211.
700 1866 754 1908 1).
759 1881 934 1921 ‚quum
955 1881 1058 1921 pro-

246 1919 344 1976 prie
375 1922 552 1975 deberet
574 1923 824 1972 Μαντινίες
854 1924 969 1965 unde
990 1925 1058 1966 'fa-

247 1981 370 2018 ctum
398 1981 487 2029 est,
527 1977 707 2032 opinor,
747 1985 797 2021 ut
834 1994 1059 2036 gramma-

246 2032 327 2076 tici
346 2034 587 2076 scriberent
603 2036 838 2092 μαντικῆς.
868 2038 924 2079 At
939 2038 1056 2079 enim

247 2090 390 2132 solent
431 2091 611 2133 nomina
652 2093 899 2147 possessiva
936 2095 1058 2136 haud

246 2159 348 2188 raro
385 2161 602 2202 occupare
636 2149 785 2192 locum
830 2150 1058 2193 nominum

248 2203 486 2259 gentilium
502 2236 514 2253 ,
554 2205 609 2246 de
638 2220 723 2259 quo
748 2208 954 2261 loquendi
980 2222 1059 2261 ge-

246 2274 353 2302 nere
373 2274 414 2302 v.
440 2261 623 2303 Davis.
652 2263 708 2304 ad
738 2264 920 2306 Maxim.
946 2266 1056 2319 Tyr.

248 2332 290 2372 p.
317 2314 417 2358 588.
449 2322 492 2359 et
520 2318 829 2362 Fischerus
858 2321 913 2362 ad
939 2322 1059 2363 wel-

246 2372 333 2415 leri
375 2374 572 2430 Gramm.
612 2376 689 2417 Gr.
734 2377 792 2418 T.
819 2378 902 2419 ΙΙΙ.
947 2379 998 2423 Ρ
1020 2378 1056 2421 Ι.

249 2443 292 2486 p.
311 2428 427 2483 299,
457 2431 537 2472 ubi
551 2430 812 2487 Μαντινική
830 2448 908 2490 pro
923 2437 1058 2477 Μαν-

247 2486 365 2536 τινίς
384 2464 516 2528 dictu:
520 2501 550 2529 n
571 2503 666 2530 esse
690 2489 891 2545 pluribus
914 2506 1060 2534 exem-

246 2543 335 2598 plis
369 2543 547 2586 demons
551 2549 704 2588 tratur.
772 2547 925 2602 Neque
954 2548 1060 2590 satis

250 2601 305 2642 ad
325 2613 421 2642 rem
450 2602 832 2645 accommodatum
853 2609 918 2647 est
943 2604 1061 2659 quod

248 2656 388 2711 vulgo
409 2657 642 2713 legebatur
663 2658 874 2715 μαντική.
935 2663 1061 2715 Quae

251 2713 369 2754 enim
398 2714 597 2757 Diotima
633 2716 686 2757 de
719 2731 869 2758 amore
912 2718 977 2759 dis
960 2733 1057 2784 pu-

250 2774 367 2812 tasse
405 2775 635 2825 narratur,
688 2787 743 2816 ca
780 2788 866 2815 non
903 2774 1061 2816 vatici-

249 2825 384 2867 nandi
415 2827 499 2868 arti
533 2827 709 2882 debuit,
770 2831 843 2871 sed
891 2830 1063 2887 ingenii

249 2882 320 2925 sui
347 2897 472 2937 praes
455 2884 639 2927 tantiae
663 2900 714 2927 ac
751 2886 919 2929 virtuti.
938 2864 1062 2929 ι5Λο-

250 2938 367 2981 cedit
389 2941 519 3004 ‘quod
555 2941 666 2983 haec
712 2943 852 2985 oratio
896 2943 1062 2986 Manti-

253 2994 403 3036 neensi
431 2996 641 3041 tribuitur
669 3013 755 3040 non
788 3001 932 3041 solum
960 3015 1062 3054 pro-

250 3055 424 3105 pterea,
478 3058 530 3094 ut
565 3068 620 3094 ne
657 3054 858 3097 Socrates
888 3057 1061 3100 abiecta

250 3108 529 3163 ignorantiae
573 3110 851 3153 simulatione
884 3128 1060 3154 severus

250 3164 466 3220 magister
497 3168 745 3209 ceterorum
777 3169 1060 3211 convivarum

251 3222 442 3263 evadere
462 3221 686 3274 videatur,
728 3238 882 3266 verum
903 3227 1062 3268 hilaris

251 3282 427 3320 maneat
448 3278 631 3333 sodalis,
663 3280 739 3334 qui
764 3280 827 3322 nil
854 3283 972 3325 ultra
992 3297 1063 3323 ce-

254 3336 371 3375 teron
393 3333 557 3388 sapiat3
601 3334 676 3377 sed
703 3336 836 3379 etiam
861 3338 983 3390 ideo,
1012 3344 1063 3381 ut

253 3386 478 3432 rideantur
528 3392 732 3448 vulgares
780 3393 850 3435 illi
899 3395 1063 3439 amoris

1118 1296 1311 1341 ministri
1331 1300 1373 1340 et
1397 1309 1656 1352 praecoma,
1697 1294 1774 1351 qui
1793 1310 1929 1351 quum

1119 1355 1347 1397 divinioris
1372 1354 1534 1396 amoris
1551 1353 1643 1395 vim
1664 1358 1707 1395 et
1727 1358 1931 1396 naturam

1118 1413 1249 1468 plane
1281 1427 1368 1453 non
1408 1416 1638 1466 caperent,
1695 1414 1840 1452 tamen
1880 1410 1930 1452 ia

1121 1470 1192 1511 dei
1214 1468 1418 1511 laudibus
1442 1466 1717 1510 celebrandis
1740 1467 1930 1508 mirifice

1120 1527 1421 1577 exsultabant,
1493 1526 1688 1578 adeoque
1741 1524 1930 1566 meliora

1119 1584 1357 1626 doceantur
1367 1597 1393 1625 a
1407 1582 1594 1623 muliere
1609 1595 1746 1634 eaque
1766 1597 1793 1637 Ρ
1806 1595 1829 1622 e
1839 1595 1859 1622 r
1872 1595 1896 1622 e
1907 1605 1931 1613 -

1120 1640 1598 1698 grina.Cete1·1m
1654 1652 1733 1679 cur
1789 1637 1855 1679 I)
1845 1652 1930 1678 10-

1119 1699 1290 1740 timae
1326 1696 1601 1751 potissimum
1648 1694 1731 1735 has
1784 1700 1928 1748 partes

1120 1755 1253 1798 Plato
1282 1752 1511 1803 tribuerit,
1555 1765 1695 1805 neque
1718 1750 1929 1806 Aspasiae

1122 1818 1198 1855 aut
1235 1810 1314 1852 alii
1357 1810 1534 1852 cuidam
1567 1807 1707 1850 nobili
1740 1808 1930 1849 feminae

1121 1867 1243 1911 illius
1264 1865 1445 1919 aetatis,
1485 1866 1530 1907 id
1556 1864 1735 1919 quidem
1759 1863 1930 1918 exquiri

1122 1926 1247 1967 nullo
1296 1924 1426 1966 modo
1485 1926 1628 1978 potest
1686 1927 1930 1987 propterea,

1123 1982 1241 2037 quod
1272 1995 1300 2023 a
1334 1979 1621 2035 scriptoribus
1671 1977 1930 2034 aequalibus

1124 2043 1201 2081 aut
1233 2037 1431 2104 supparis
1463 2036 1615 2079 aetatis
1645 2036 1700 2076 de
1723 2049 1777 2077 ea
1814 2034 1928 2077 nihil

1122 2095 1364 2139 memoriae
1404 2093 1615 2136 traditum
1661 2095 1741 2134 est.
1803 2093 1930 2146 Quae

1123 2157 1271 2195 autem
1302 2150 1486 2193 seriores
1510 2149 1742 2204 scriptores
1774 2148 1826 2190 de
1854 2161 1930 2190 ea-

1123 2211 1225 2251 dem
1245 2213 1452 2259 narrant,
1481 2221 1534 2249 ea
1561 2206 1801 2247 maximam
1830 2219 1931 2260 par-

1123 2270 1215 2308 tem
1234 2280 1287 2307 ex
1309 2266 1396 2307 hoc
1427 2264 1523 2319 ipso
1548 2263 1649 2305 loco
1666 2263 1828 2304 hausta
1853 2265 1931 2304 aut

1123 2327 1287 2364 temere
1313 2321 1498 2364 conficta
1529 2334 1625 2362 esse
1657 2319 1932 2374 exploratum

1122 2380 1353 2424 habemus.
1414 2380 1540 2432 Quae
1569 2391 1705 2431 quum
1735 2375 1799 2418 ita
1827 2374 1930 2426 sint,

1123 2437 1211 2480 hoc
1257 2449 1395 2477 unum
1431 2434 1667 2476 tenendum
1712 2436 1931 2497 putamus,

1125 2492 1243 2548 quod
1282 2507 1335 2534 ex
1361 2492 1447 2533 hac
1480 2489 1677 2532 oratione
1704 2487 1930 2539 discimus,

1123 2550 1257 2592 fuisse
1300 2562 1399 2590 eam
1430 2545 1672 2589 mulierem
1700 2543 1931 2600 prudentia

1127 2611 1170 2649 et
1187 2604 1454 2648 vaticinandi
1474 2607 1568 2646 arte
1578 2600 1789 2654 nobilem,
1819 2614 1932 2656 quae

1126 2676 1264 2718 quum
1299 2661 1464 2704 diutius
1487 2658 1671 2702 Athenis
1705 2662 1819 2700 esset
1847 2657 1932 2700 ali-

1125 2719 1299 2774 quando
1362 2722 1666 2767 commorata,
1721 2728 1934 2770 magnam

1125 2781 1254 2822 nacta
1293 2779 1407 2817 esset
1463 2772 1703 2827 sapientiae
1750 2773 1928 2814 famam.

1127 2834 1366 2882 Conferas,
1404 2829 1441 2872 si
1469 2831 1618 2880 lubet,
1659 2842 1771 2882 quae
1804 2827 1857 2868 de
1879 2840 1932 2868 ea

1126 2890 1402 2944 disputarunt
1441 2886 1601 2930 Wolf.
1633 2885 1832 2937 Catalog.
1874 2882 1932 2925 il-

1125 2906 1251 2989 lusltr.
1289 2944 1440 2986 femin.
1562 2940 1661 2984 327.
1738 2942 1777 2982 D
1789 2938 1928 2982 zvis.

1127 3003 1181 3045 ad
1233 3001 1416 3044 Maxim.
1465 3000 1573 3054 Tyr.
1619 2996 1734 3039 Diss.
1775 2995 1930 3038 XXIV.

1129 3060 1186 3101 Τ.
1205 3059 1241 3101 Ῑ.
1284 3074 1323 3112 p.
1346 3056 1442 3099 459.
1501 3057 1696 3098 werns
1709 3053 1843 3094 dore.
1875 3051 1934 3093 ad

1125 3115 1298 3159 Ilimer.
1337 3130 1378 3168 p.
1416 3111 1515 3155 357.
1573 3109 1842 3164 Schlegel
1883 3108 1932 3149 in

1125 3172 1262 3214 libro.
1315 3169 1595 3212 Griechen
1642 3180 1688 3210 u.
1725 3167 1929 3208 Riimer

1127 3244 1167 3284 p.
1192 3226 1277 3269 253
1297 3241 1389 3281 sqq.

1182 3278 1259 3326 'Aa
1263 3278 1562 3339 ηναίοιςποτὲ
1700 3275 1724 3320 ὸ
1742 3291 1824 3319 του
1806 3276 1932 3318 λοι-

1126 3341 1216 3396 μοῦ
1234 3340 1248 3395 ]
1263 3299 1555 3402 77Intelligitur
1566 3282 1695 3378 hauri
1706 3333 1933 3397 dubiepe-

1127 3398 1206 3440 stis
1230 3396 1333 3447 illa,
1363 3409 1474 3451 quae
1491 3392 1644 3450 primis
1665 3391 1789 3443 annis
1822 3386 1933 3432 belli
