2040 3646
226 134 327 193 152
885 127 1248 182 PLATONIS

222 262 301 326 τώ
334 269 473 372 χεῖρε
507 259 684 368 τούτῳ
712 268 789 371 τηό
811 265 1074 340 δαιιιονίω
1108 262 1184 338 ὥς
1210 263 1435 346 ἀληθῶς
1461 266 1553 326 καὶ
1575 273 1901 374 θαυμαστοῖ,

162 359 207 412 C
226 350 542 429 κατεκείμην
565 345 666 429 τὴν
687 372 861 409 νυκτα
885 325 1050 430 ὅλην.
1078 351 1173 408 καὶ
1197 349 1330 410 ουδὲ
1355 358 1557 425 ταῦτα,
1599 378 1644 413 ω
1662 331 1905 433 Σώκρα-

226 458 337 506 τες,
381 430 573 511 ἐρεῖς
538 455 622 492 οτι
642 432 936 510 ψεύδοιιαι.
989 434 1322 515 ποιήσαντος
1349 439 1408 496 δὲ
1447 435 1518 515 δὴ
1552 443 1726 498 ταῦτα
1769 440 1906 517 ἐιιοῦ

226 521 393 590 οὐτος
417 523 691 577 τοσοῦτον
717 518 1046 597 περιεγένετό
1068 541 1123 579 τε
1150 520 1243 578 καὶ
1279 521 1654 602 κατεφρόνησε
1682 526 1778 582 καὶ
1803 548 1905 583 κοι-

224 603 472 682 τεγέλασε
504 625 608 681 της
648 603 782 688 ἐμῆς
821 600 966 681 ω’ρας
1000 605 1094 663 καὶ
1129 600 1338 682 ὕβρισε·
1404 609 1597 684 καίπερ
1637 608 1808 668 ἐκεῖνό
1845 632 1904 688 γε

225 686 381 771 ᾠιιην
417 709 469 747 τι
503 694 669 761 εἰναι,
725 690 768 747 ὠ
803 685 996 765 ἄνδρες
1036 690 1301 748 δικασταί·
1367 693 1618 751 δικασταὶ
1649 692 1753 771 γάρ
1792 694 1906 753 ἐστε

223 778 323 852 τῆς
346 770 684 851 Σωκράτους
707 771 1106 853 ὑπερηφανίας.
1171 775 1237 833 εὐ
1272 797 1378 854 γαρ
1413 778 1552 848 ἴστε,
1602 776 1679 852 μὰ
1713 777 1905 852 θεούς,

224 882 299 935 μα
323 855 491 929 θεάς,
535 854 703 917 οὐδεν
732 857 1104 936 περιττότερον
1144 859 1640 964 καταδεὸαρθηκώς
1677 860 1907 943 οἷνέστην

141 948 198 1001 D
223 965 353 1019 μετα
379 939 769 1018 Σωκρατους
742 941 783 1024 ἢ
806 945 852 1003 εἰ
875 966 1005 1022 μετα
1027 941 1234 1023 πατρὸς
1259 951 1554 1026 καθηῦδον
1589 943 1631 1026 ἦ
1654 945 1908 1027 αδελφοῦ

223 1026 619 1107 πρεσβυτέρου.

394 1113 556 1192 Cap.
589 1114 845 1173 XXXV.
939 1109 1020 1171 Τὸ
1066 1109 1138 1193 δὴ
1187 1109 1318 1189 μετὰ
1353 1117 1526 1172 τοῦτο
1562 1114 1684 1174 τίνα
1719 1115 1906 1175 οιεσθέ

223 1219 288 1274 με
311 1195 612 1256 διανοιαν”
583 1219 745 1273 εχειν,
786 1193 1094 1274 ἡγούμενον
1130 1198 1228 1274 μὲν
1250 1195 1560 1277 η’τιμάσθαι,
1568 1242 1584 1271 ‚
1638 1197 1906 1277 οῗγάμενον

222 1282 283 1341 δὲ
322 1279 423 1363 την
450 1279 656 1340 τούτου
687 1278 864 1360 φύσιν
894 1301 949 1341 τε
984 1282 1078 1340 καὶ
1116 1280 1494 1362 σωφροσύνην
1509 1283 1611 1342 καὶ
1635 1281 1906 1362 ανδρείαν,

222 1364 607 1446 ἐντετυχηκότα
633 1364 926 1473 ἀνθρώπῳ
932 1365 1195 1450 τοιούτω,
1239 1369 1338 1449 οἵῳ
1379 1364 1479 1445 ἐγώ
1518 1391 1625 1427 ουκ
1644 1365 1714 1429 (ἓν
1749 1367 1907 1474 ᾤμην

224 1453 356 1510 ποτε
411 1453 646 1536 ἐντυχεῖν
698 1453 774 1523 εἷς
814 1449 1087 1543 φρόνησιν
1126 1452 1221 1511 καὶ
1261 1453 1336 1524 εἰς
1375 1453 1692 1530 καρτερίανς
1775 1451 1904 1527 &qve

225 1533 360 1595 οὐθ’
385 1533 535 1609 ὅπως
562 1537 669 1595 οὐν
693 1535 1008 1617 ὀργιζοίμην
1032 1543 1177 1614 εἰχον
1210 1537 1306 1595 καὶ
1340 1533 1777 1619 αποστερηθείην
1807 1544 1907 1620 τῆς

224 1688 325 1717 usu
354 1675 653 1728 detritum,
681 1676 847 1731 quale
876 1676 1031 1718 sole-

224 1733 359 1775 bant
400 1739 632 1790 gestare
675 1733 1030 1789 philosophi.

1097 1676 1391 1732 culparet,
1446 1675 1587 1718 haec
1625 1677 1910 1720 tradidis-

1097 1747 1178 1786 se,
1227 1733 1326 1775 sed
1364 1736 1423 1774 ut
1458 1733 1719 1777 Socratis
1755 1734 1908 1777 invi-

225 1804 264 1831 v.
291 1789 560 1846 Wyttenb
577 1790 702 1831 ach.
726 1790 781 1832 ad
798 1791 1029 1835 Plutarch.

222 1847 292 1888 De
314 1847 519 1890 Discrim.
549 1848 644 1890 Am.
671 1851 715 1890 et
734 1847 862 1891 Adul.
893 1863 935 1904 p.
957 1845 1027 1891 52.

225 1904 275 1946 C.
303 1903 401 1947 440.
423 1902 490 1946 ed.
521 1903 602 1947 Ox.

226 2059 228 2061 ,
280 2016 332 2059 C.
384 2016 610 2060 τοσοῦτον
628 2015 933 2075 περιεγένετο]
974 2016 1029 2061 In

222 2072 295 2115 his
321 2075 546 2117 τοσοῦτον
576 2057 742 2121 dictum
768 2080 833 2117 est
867 2075 1029 2119 δεικτι-

224 2130 317 2180 κῶς
338 2135 381 2174 et
401 2146 480 2186 per
496 2133 718 2186 quandam
748 2132 1029 2175 exclamatio-

224 2201 348 2240 nem,
399 2193 448 2230 ut
479 2188 727 2244 significet:
783 2203 843 2230 ιιι
849 2188 867 2231 i
890 2204 914 2230 r
935 2204 965 2232 ιι
984 2205 1031 2233 ιιι

223 2249 499 2299 quantum
527 2260 611 2288 me
639 2245 787 2289 vicit
811 2251 893 2289 ete.
924 2247 1032 2294 Mox

225 2300 371 2346 ἐκεῖνο
392 2302 580 2369 pertinet
599 2303 654 2346 ad
675 2303 757 2358 τῆς
780 2298 917 2370 ὥροις.
949 2303 1032 2346 So-

221 2360 315 2402 lent
334 2359 453 2401 enim
470 2359 729 2415 pronomina
741 2360 938 2403 neutrius
953 2375 1033 2417 ge-

222 2416 343 2459 neris
361 2416 582 2458 intentum
602 2417 804 2462 universe
826 2417 943 2460 dicta
967 2418 1032 2460 sic

224 2473 353 2533 poni,
384 2478 434 2515 ut
455 2475 679 2516 referenda
711 2474 798 2519 sint
818 2475 873 2521 ad
890 2474 1034 2517 nomi-

224 2544 284 2572 na
319 2531 530 2573 feminina
570 2532 641 2573 vel
676 2532 934 2579 masculina,
974 2532 1029 2575 cf.

226 2586 517 2635 Matthiae
545 2591 584 2641 ἓ.
609 2587 708 2637 439.
766 2587 929 2633 Sensus
954 2589 1031 2630 hio

225 2648 313 2686 est:
373 2644 639 2698 putabam
676 2659 808 2690 vero
845 2659 1030 2689 meam

225 2716 255 2756 p
271 2699 685 2744 ulcritudinem
740 2702 1032 2746 admirana

226 2758 351 2800 dum
379 2757 643 2812 quiddam
671 2773 805 2801 esse.

285 2814 335 2857 εὐ
354 2813 439 2872 γὰρ
460 2815 580 2872 ἰ’,στε
608 2839 637 2847 -
667 2810 891 2871 ἀνέστην]
923 2815 963 2857 X
977 2829 1033 2857 e-

226 2885 256 2918 n
269 2886 294 2913 o
308 2888 333 2926 p
342 2872 388 2917 h
418 2873 594 2914 Hellen.
616 2873 666 2916 V.
685 2873 727 2925 l,
750 2872 819 2916 14,
860 2866 946 2915 εῧ”
922 2886 1031 2924 ιστε,

226 2923 342 2972 ὅταν
353 2924 482 2983 ὑμῶν
494 2924 621 2983 ἐγώ”
591 2945 730 2986 αρχω,
745 2927 935 2984 εὔχομαι
947 2945 985 2971 κ.
990 2946 1029 2973 τ.

225 2987 265 3028 2.
275 2986 381 3028 Crlt.
394 3001 430 3033 e
435 2987 562 3030 xvn.
575 2987 758 3042 Dereip
762 3001 856 3029 sav.
869 2986 1029 3029 Corn.

225 3041 378 3095 Nepo
395 3056 414 3084 s
443 3043 585 3085 Alcib.
614 3044 733 3086 ‹:.11.
791 3043 1031 3127 ρνιιίιιίῑίΙ.

224 3098 435 3147 Institutt.
460 3099 600 3143 Oratt.
625 3101 655 3139 i
661 3100 736 3142 111.
757 3099 798 3152 4,
820 3099 889 3142 23.
929 3114 956 3140 ιι
971 3113 993 3141 e
1007 3115 1031 3142 c

226 3155 366 3202 mihi
411 3157 647 3199 videtur
696 3158 752 3198 in
803 3156 1035 3211 Sympo„

226 3211 313 3259 sio
359 3215 560 3266 Plato,
600 3228 723 3256 cum
765 3213 828 3255 Al
845 3213 1032 3256 cibia-

225 3269 344 3315 tlssm
398 3270 778 3318 confitentem
833 3269 895 3311 de
950 3284 1032 3322 se,

227 3325 364 3391 quid
413 3342 441 3375 a
482 3328 622 3376 Soor
635 3333 730 3369 ato
775 3327 891 3382 pati
936 3341 964 3368 v
976 3341 1034 3368 o-

225 3372 433 3442 luerit,
490 3389 710 3441 norint
763 3384 1031 3431 utillum

1097 1794 1244 1833 etam
1273 1789 1694 1833 continentiam
1723 1797 1909 1834 osten-

1095 1847 1278 1900 deret,
1335 1860 1480 1902 quae
1533 1848 1829 1905 corrumpi
1875 1870 1907 1882 -

1093 1918 1202 1947 non
1230 1909 1447 1961 posset.

1151 2017 1257 2088 Gap.
1278 2015 1452 2060 XXXV.
1483 2017 1538 2062 D.
1587 2013 1672 2062 οὐκ
1696 2034 1755 2062 αν
1775 2011 1908 2078 ᾤμην

1094 2072 1208 2118 ποτὲ
1217 2032 1314 2120 ἐντ.
1327 2074 1347 2132 ]
1380 2070 1621 2118 Referas’'
1591 2091 1650 2118 αν
1677 2076 1733 2118 ad
1756 2062 1906 2119 infini-

1094 2131 1239 2174 tivum
1258 2128 1471 2187 ἐντυχεῖν.
1523 2133 1592 2174 De
1611 2133 1699 2174 hac
1721 2128 1908 2175 voculae

1096 2189 1383 2231 collocatione
1404 2203 1445 2232 v,
1468 2189 1618 2235 Rost.
1642 2192 1683 2243 §.
1705 2189 1802 2232 121.
1825 2203 1906 2231 an-

1096 2249 1185 2292 not.
1220 2243 1261 2288 5.
1331 2245 1458 2288 ,462
1486 2261 1535 2301 sq
1610 2245 1781 2288 Deinde
1810 2245 1905 2290 noli

1098 2295 1183 2346 οὖν
1213 2302 1478 2355 sollicitare,
1517 2303 1634 2358 quod
1667 2303 1793 2359 Step
1800 2303 1907 2346 ha-

1097 2374 1203 2402 nus
1249 2374 1405 2402 vacare
1439 2359 1676 2403 iudicabat.
1733 2360 1906 2404 Iudicat
1935 2376 1937 2379 ·

1096 2416 1217 2459 enim
1252 2416 1631 2462 ratiocinationem
1666 2416 1905 2472 loquentis,

1096 2473 1175 2540 qui
1199 2474 1326 2528 quasi
1347 2488 1498 2515 secum
1520 2473 1705 2516 consilia
1728 2479 1905 2529 pectore

1096 2530 1270 2587 agitans
1321 2530 1556 2575 inducitur.
1626 2530 1800 2586 Quippe
1849 2543 1905 2573 ea

1097 2592 1163 2635 est
1193 2587 1333 2630 virtus
1371 2587 1555 2655 linguae
1580 2587 1796 2639 Graecae,
1850 2591 1906 2655 ιιι

1095 2645 1265 2696 multa,
1305 2658 1418 2699 quae
1449 2644 1528 2687 alii
1556 2643 1708 2699 populi
1730 2643 1906 2687 nonnisi

1096 2701 1296 2744 oratione
1319 2706 1439 2743 recta
1463 2707 1642 2756 possunt
1659 2701 1903 2752 enuntiare,
1955 2725 1966 2737 ι

1096 2772 1150 2800 ea
1177 2757 1311 2800 etiam
1335 2757 1531 2799 matione
1555 2757 1737 2812 obliqua
1759 2757 1907 2812 expri-

1096 2829 1217 2857 mere
1239 2816 1399 2857 valeat.
1450 2815 1579 2868 Quod
1600 2814 1705 2869 quid
1726 2813 1811 2856 »ibi
1830 2829 1904 2856 ve-

1096 2872 1176 2923 lit,
1206 2871 1292 2913 hoc
1311 2885 1398 2913 uno
1421 2872 1618 2926 exemplo
1641 2870 1745 2913 satis
1769 2876 1902 2926 patet.

1097 2930 1239 2971 Recta
1258 2928 1377 2970 enim
1407 2927 1604 2970 oratione
1633 2923 1722 2969 diei
1743 2928 1806 2969 sic
1828 2928 1906 2969 de-

1096 2986 1254 3029 bebat:
1298 2985 1397 3034 πῶς
1436 2985 1518 3028 οὐν
1548 2981 1795 3052 ὀργίζωμαι
1825 2981 1904 3026 καὶ.

1098 3037 1406 3113 αποστερηθῶ
1434 3043 1516 3096 τῆς
1542 3041 1710 3086 τούτου
1741 3056 1903 3085 συνου-

1100 3098 1224 3150 σίας;
1284 3098 1559 3153 quomodo
1608 3099 1792 3156 igitur
1853 3096 1902 3140 ei

1098 3156 1324 3201 irascar
1376 3155 1610 3209 eiusque
1655 3168 1905 3197 consue-

1101 3212 1305 3256 tudine
1347 3226 1429 3254 me
1479 3211 1750 3255 abstine
1774 3210 1900 3254 am?

1100 3271 1227 3324 Quae
1270 3273 1526 3320 convertens
1567 3267 1817 3311 Alcibiades
1855 3267 1904 3309 in

1098 3339 1354 3380 suspensam
1401 3325 1643 3371 orationem
1676 3326 1904 3382 eleganter

1098 3383 1259 3432 retinet
1289 3383 1494 3430 voculam
1521 3383 1733 3443 igitur,
1789 3394 1903 3437 quau
