2040 3646
245 169 317 230 84
907 163 1289 218 PLAToms·

177 371 182 375 Χ
242 302 488 380 θεάτρου
511 297 773 378 μεστὸν
735 305 884 380 ηγεῖ,
926 296 1056 374 ὥςτε
1082 302 1176 360 καὶ
1203 299 1445 382 άγνοεΐν,
1487 298 1572 361 ὅτι
1594 306 1733 362 νοῦν
1758 300 1932 379 ἔχοντι

174 391 221 448 C
243 387 442 492 damn„
453 386 719 464 ἔμφρονες
757 389 978 446 πολλῶν
1027 384 1289 464 ἀφρόνων
1339 385 1752 492 φοβερώτεροι.
1842 386 1931 446 Οὐ

241 468 385 550 μέντ’
419 467 489 530 ἂν
513 475 696 543 καλῶς
731 471 983 551 ποιοίην,
1026 470 1201 550 φάναι
1235 467 1334 530 τὸν
1369 469 1667 550 Σωκράτη,
1710 495 1754 530 ω
1776 468 1930 548 Ἀγά-

241 563 391 629 θων,
429 556 555 633 περὶ
580 559 691 614 σοῦ
711 574 763 614 τι
786 553 948 635 ἐγώ’
924 552 1184 634 άγροικον
1210 553 1467 629 δοξάζων.
1553 552 1671 614 ἄλλ’
1696 545 1760 615 εὖ
1786 551 1929 626 οἶδα,

240 637 354 713 ὅτι,
398 639 455 699 ει’
482 651 623 699 τισιν
657 637 932 719 ἐντύχοις,
985 637 1092 713 οὺς
1129 638 1292 720 ἡγοῖο
1327 638 1575 719 σοφούς,
1619 644 1847 724 μᾶλλον
1864 636 1932 698 ἂν

235 723 427 785 ἀὐτῶν
446 725 773 810 φροντίζοις
805 722 848 806 ἢ
882 728 992 785 τῶν
1026 730 1262 785 πολλῶν.
1349 722 1487 784 ἀλλὰ
1522 722 1598 805 μὴ
1640 722 1745 801 οὐχ
1770 725 1931 783 οὑτοι

238 807 399 890 ἡμεῖς
425 810 581 886 ὠμεν.
665 807 822 890 ἡμεῖς
859 832 956 886 μεν
995 807 1099 888 γὰρ
1132 812 1227 869 καὶ
1263 808 1372 870 ἐκεῖ
1408 814 1658 889 παρῆμεν
1679 810 1773 867 καὶ
1791 799 1930 888 ἦμεν

238 900 348 955 τῶν
369 898 604 954 πολλῶν·
660 897 709 953 εἰ
739 896 798 953 δὲ
827 893 1014 967 άλλοις
1036 894 1310 972 ἐντύχοις
1317 901 1548 1000 σοφοῖς,
1587 891 1702 971 τάχ’
1737 915 1805 952 αν
1841 895 1928 951 αἰ-

238 979 470 1058 σχύνοιο
496 976 735 1085 αὐτσύς,
779 980 903 1050 εἴτι
924 981 1055 1052 ι’σως
1082 982 1224 1039 οιὀιο
1249 977 1475 1059 αἰσχρὸν
1515 975 1582 1037 ὂν
1614 985 1804 1037 ποιεῖν.
1889 975 1928 1057 ἢ

239 1070 357 1138 πῶς
382 1064 587 1143 λέγεις,·
624 1058 835 1144 Ἀληθῆ
869 1063 1066 1143 λέγεις,
1109 1063 1298 1144 φάναι.
1405 1061 1558 1135 Τοὺς
1589 1065 1649 1122 δε
1682 1059 1929 1134 πολλοὺς

155 1147 215 1202 D
241 1147 350 1209 οὐκ
374 1145 443 1208 οἷν
468 1145 784 1226 αἰσχύνοιο,
827 1150 885 1207 εί
908 1170 961 1207 τι
997 1150 1139 1208 οἷὀιο
1179 1146 1405 1225 αἰσχρον
1438 1153 1646 1216 ποιεῖν,·
1688 1148 1803 1206 Καὶ
1830 1144 1928 1206 τὸν

245 1234 536 1311 Φαῖδρον
519 1233 627 1312 ε’φη
649 1229 1002 1309 ὑπολαβόντα
1033 1234 1227 1306 εἰπεῖν,
1265 1237 1332 1291 Ὠ
1364 1234 1490 1312 φίλε
1523 1230 1796 1311 Ἁγάθων,
1832 1229 1926 1291 ἐὰν

242 1316 513 1396 αποκρίνῃ
536 1317 847 1395 Σωκράτει,
892 1315 1108 1376 οὐδεν”
1079 1339 1154 1377 ετι
1178 1319 1370 1377 διοίσει
1404 1316 1556 1420 αὕτῳ
1580 1315 1798 1394 ὃπηοῦν
1817 1339 1925 1376 των

241 1402 440 1464 ἐνθάδε
470 1400 664 1461 ὁτιοῦν
699 1402 1009 1480 γίγνεσθαι,
1053 1400 1146 1461 ἐὰν
1181 1400 1352 1479 μόνον
1390 1402 1482 1479 ε’χη
1518 1398 1624 1460 ὅτω
1671 1401 1924 1481 διαλέγη-

243 1509 349 1560 ται,
393 1484 570 1559 άλλως
591 1506 647 1545 τε
667 1488 763 1544 καὶ
787 1491 954 1570 καλω.
1043 1483 1144 1566 ἔγω
1163 1489 1223 1546 δὲ
1257 1486 1467 1567 ἡδέως
1456 1509 1553 1545 ιιεν
1578 1485 1767 1547 άκούω
1792 1491 1921 1544 Σω-

240 1571 483 1651 κράτους
511 1545 914 1650 διαλεγομένου
919 1613 935 1644 ,
980 1569 1275 1651 άναγκαῖον
1306 1572 1367 1630 δέ
1402 1594 1496 1648 μοι
1529 1571 1922 1652 ἐπιμεληθῆναι

239 1662 346 1718 τοῦ
366 1656 637 1737 ἕγκωμίου
658 1661 736 1740 τῷ
744 1653 949 1736 Ἔρωτι
973 1657 1066 1715 καὶ
1102 1654 1478 1728 αποδέξασθαι
1497 1655 1626 1737 παρ’
1647 1655 1812 1731 ἑνὸς
1793 1655 1919 1715 εκά-

295 1839 542 1914 αἱσχρὸν“
517 1860 573 1891 ον
599 1843 776 1900 ποιεῖν]
805 1844 905 1889 Νοιι
922 1848 989 1889 est
1009 1841 1178 1903 quod’'
1153 1862 1208 1891 ον
1228 1859 1330 1889 cum
1354 1845 1479 1889 Astio
1500 1844 1745 1888 tollendum
1775 1848 1918 1900 putes,

232 1902 278 1946 ei
309 1903 488 1959 quidem
521 1902 736 1946 sententia
759 1903 871 1947 haee
909 1908 999 1947 est:
1058 1904 1110 1948 si
1147 1904 1282 1960 quid
1319 1904 1519 1948 facere
1556 1907 1608 1947 te
1644 1907 1917 1959 putares,

235 1974 405 2016 quum
433 1964 630 2005 tamen
660 1963 834 2017 turpe
863 1964 1039 2014 esset,
1069 1975 1129 2006 sc.
1156 1964 1323 2006 ποιεῖν.

231 2098 338 2142 dum
357 2098 623 2144 iudicaverit
639 2103 716 2154 aut
734 2099 1046 2157 interrogatio-
1108 2101 1148 2145 θ
1160 2117 1179 2146 ε
1192 2097 1222 2145 ά
1237 2117 1263 2145 τ
1276 2117 1301 2160 ρ
1316 2116 1340 2146 ο
1352 2116 1382 2145 υ
1461 2115 1495 2156 μ
1506 2115 1527 2144 ε
1539 2111 1564 2143 σ
1575 2116 1600 2143 ι·
1610 2095 1633 2143 ὀ
1643 2115 1670 2142 ν
1741 2113 1762 2142 ε
1773 2094 1795 2141 ῖ
1796 2114 1823 2140 ν
1832 2113 1862 2141 α
1872 2113 1888 2141 ι
1898 2130 1912 2153 ,

230 2157 277 2199 ni
301 2159 473 2200 nulium
499 2158 678 2200 omnino
712 2158 864 2201 locum
888 2173 1045 2201 conce-
1109 2159 1157 2202 h.
1184 2173 1223 2202 e.
1261 2156 1478 2202 theatri
1515 2158 1796 2213 applausu
1824 2155 1915 2197 in·-
1971 2191 1984 2206 x

228 2215 419 2256 «lendum
464 2215 694 2270 putaverit.
778 2217 1042 2271 Quanquam
1104 2217 1316 2259 flatum
1354 2231 1408 2258 es
1421 2230 1440 2257 s
1453 2229 1477 2256 e
1505 2220 1559 2257 et
1588 2229 1682 2269 sup
1698 2227 1753 2256 er
1766 2214 1795 2255 b
1810 2202 1912 2256 ire.

226 2271 340 2314 haee
353 2271 531 2327 quidem
552 2272 704 2327 utique
724 2273 887 2314 rectius
910 2273 1042 2315 omit-
1104 2273 1265 2315 Paullo
1289 2272 1418 2315 aliter
1435 2274 1472 2314 A
1483 2272 1533 2313 ri
1546 2277 1662 2314 stae
1677 2286 1705 2313 n
1721 2285 1745 2312 e
1757 2275 1774 2312 t
1785 2283 1814 2311 ιι
1828 2284 1848 2312 s
1870 2269 1910 2311 Ι.

225 2327 262 2371 ti
286 2328 472 2371 videtur.
540 2329 803 2372 Germanice
836 2329 899 2372 ita
920 2330 1040 2372 dixe-
1103 2330 1173 2375 19.
1213 2327 1482 2399 θαρσαλέως
1508 2326 1669 2386 ἐχρῆτο
1698 2343 1759 2397 ‘1:37x
1778 2325 1911 2384 τέχνῃ

224 2384 312 2427 ris:
342 2386 411 2427 du
439 2386 678 2442 glaubst
700 2386 766 2427 do
782 2386 850 2427 ch
878 2386 1038 2428 nicht
1102 2381 1182 2430 ἅτε
1203 2385 1368 2431 λοιπὸν
1385 2384 1592 2444 θεάτρου
1627 2398 1766 2440 μεστη
1787 2399 1913 2438 γεγο-

223 2445 373 2485 etwa
400 2443 531 2486 dass
573 2448 656 2485 ete.
724 2443 1034 2499 Euthyphron.
1099 2447 1222 2487 νυῖα.
1253 2444 1578 2487 v.Ab1-esch.
1597 2441 1906 2497 Lectt.p.117.

220 2497 281 2541 in.
332 2493 390 2543 οὐ
417 2495 503 2558 γὰρ
540 2497 692 2569 δήπου
721 2499 800 2543 καὶ
825 2500 898 2544 σοι
931 2500 1033 2557 δίκη
1101 2505 1144 2543 et
1179 2514 1290 2555 quae
1328 2501 1384 2543 ad
1424 2515 1527 2542 eum
1559 2501 1707 2541 locum
1740 2497 1909 2540 notavit

219 2570 293 2604 τις
342 2548 461 2600 οὖσα
504 2554 741 2612 τυγχάνειι
782 2571 1034 2612 quanquam
1099 2558 1337 2600 Boisson
1353 2558 1428 2600 ad.
1460 2572 1502 2613 p.
1531 2556 1630 2599 491.
1670 2554 1909 2598 Manifesta

218 2611 288 2655 ibi
311 2627 389 2667 pro
419 2609 475 2670 δή
481 2629 571 2656 που
587 2613 696 2657 libri
716 2614 923 2655 meliores
939 2630 1031 2658 που
1098 2614 1345 2656 imitatione
1377 2612 1742 2656 Themistius
1777 2611 1902 2655 Orat.

217 2669 440 2714 exhibent.
509 2672 646 2714 Plura
673 2670 797 2714 dabit
833 2672 1032 2714 Elms-
1098 2672 1292 2713 XXXVI.
1313 2686 1355 2726 p.
1377 2670 1476 2712 311.
1500 2671 1553 2713 Β.
1584 2665 1640 2712 οὐ
1667 2666 1820 2737 δήπου
1847 2682 1904 2724 με

217 2725 320 2768 lei.
359 2728 415 2770 ad
452 2728 1027 2783 Aristophan.Acha1-n.v.
1095 2724 1156 2771 τὰ
1178 2727 1359 2795 θέατρα
1391 2724 1538 2776 οὕτως
1565 2721 1754 2796 αγαπᾶν
1771 2721 1904 2792 ἡγεῖ-

217 2781 316 2825 122.
348 2784 424 2839 qui
446 2789 590 2827 tamen
612 2799 700 2827 non
719 2783 826 2827 satis
846 2798 1029 2827 accura-
1094 2787 1206 2837 σθε,
1249 2779 1360 2834 ὧςτε
1391 2779 1594 2854 οἷγνοεῖν,
1644 2778 1719 2828 ὅτι
1759 2777 1906 2838 ὀλίγοι

216 2843 263 2882 te
257 2840 525 2912 distinguit
552 2841 668 2884 inter
697 2856 755 2884 ου
794 2839 948 2910 δήπου
984 2844 1029 2884 et
1093 2839 1318 2911 ἔμφρονες
1353 2841 1534 2885 πολλῶν
1563 2838 1787 2908 ἀφρόνων
1824 2840 1902 2899 τῷ

219 2910 278 2940 ου
306 2897 355 2940 τί
369 2913 477 2941 που.
535 2898 749 2940 Videlicet
777 2895 834 2941 οὕ
871 2896 1026 2954 δήπου
1092 2898 1268 2953 λέγοντι
1289 2899 1415 2969 φοβε
1439 2897 1622 2969 ώτεροι.

164 2972 189 3000 ,ι
217 2957 285 2996 est
312 2955 632 3010 suspicanti
646 2969 689 2997 ε.
708 2970 764 2998 ov
778 2955 826 2998 τί
835 2969 928 2999 που
947 2969 1028 2998 au-
1148 2958 1203 2998 D.
1244 2950 1382 2999 οὕδεν
1437 2955 1489 2998 ’τι
1527 2951 1688 2999 διοίσει
1735 2952 1897 3022 αὐτῷ]

217 3011 595 3053 temmirantis
625 3015 679 3054 et
706 3011 1028 3069 indignari·
1091 3014 1151 3056 H.
1181 3027 1219 3056 e.
1250 3012 1413 3055 nihil
1449 3013 1562 3054 iam
1591 3011 1779 3078 ipsius
1808 3011 1901 3054 in-

218 3066 319 3119 tis,
357 3073 407 3110 ut
437 3069 623 3112 Theaet.
741 3067 839 3111 146.
869 3070 920 3111 A.
972 3069 1027 3110 de
1092 3069 1314 3122 tei-erit,
1344 3071 1618 3124 quomodo
1647 3068 1899 3124 quidque

216 3083 1026 3179 Rep’ubl.11.362.D.1taqne
1092 3139 1317 3178 eorum,
1359 3140 1502 3180 quae
1542 3127 1738 3169 facere
1768 3138 1898 3166 con·-

214 3179 509 3251 Aristoph.
537 3140 652 3223 ΡΒειιι.
674 3195 715 3223 v.
738 3179 836 3223 526.
867 3181 1025 3250 Ιεῠοιι-
1090 3198 1110 3224 s
1128 3182 1420 3238 tituimus,
1463 3197 1490 3237 p
1515 3197 1539 3224 e
1566 3197 1589 3224 ι·
1610 3197 1636 3225 a
1658 3197 1691 3238 g
1711 3195 1738 3224 a
1762 3186 1780 3223 t
1799 3194 1896 3231 ur,

212 3235 343 3279 dum:
372 3238 419 3280 τί
453 3235 493 3281 δ’
521 3235 664 3288 ἔστινς
705 3253 760 3280 ov
787 3238 834 3279 τί
857 3235 950 3281 πού
977 3232 1022 3305 μ’
1089 3239 1391 3281 dummodo
1418 3240 1637 3282 habeat
1665 3238 1895 3294 quicum

211 3285 471 3360 ἀφελέσθαι
488 3288 706 3338 διανοεῖ
689 3289 720 3337 οὶ
745 3288 921 3343 ”Soanas
940 3310 1024 3338 αυ-
1087 3310 1112 3338 c
1127 3310 1152 3338 o
1167 3296 1213 3337 ll
1227 3310 1253 3336 o
1265 3297 1476 3350 quatur.

207 3362 313 3402 voc,-
342 3351 459 3420 quod
479 3350 641 3394 video
627 3365 719 3394 lam
743 3350 799 3393 ab
822 3351 923 3393 aliis
940 3365 1019 3407 pro
1136 3347 1480 3407 ἀποδέξασθαι]
1497 3351 1613 3395 acci
1627 3364 1757 3407 pere
1779 3353 1891 3393 tan-

207 3407 331 3463 vulg.
362 3404 419 3453 οὐ
458 3403 613 3465 δήπου
643 3407 812 3452 editum
840 3421 948 3453 osse.
988 3430 1018 3442 -·
1081 3422 1245 3466 quam
1271 3408 1542 3455 debitum.
1576 3409 1745 3453 Eodem
1757 3407 1889 3452 modo
