2040 3646
291 173 359 234 ιο
398 152 405 177 ²
921 164 1322 224 PRAEFA‘rio

462 300 821 358 Contemplantes
854 303 1006 346 autem
1034 304 1080 345 et
1108 300 1235 357 quasi
1262 314 1352 345 uno
1384 301 1615 351 oculorum
1641 302 1801 346 obtutu
1826 302 1977 359 perlu-

291 376 480 423 strantes
511 372 619 416 libri
654 375 969 430 argumentum
994 373 1139 428 ¹facile
1173 372 1475 430 intelligemus
1512 373 1774 416 sententiam
1809 387 1977 427 eorum,

290 447 372 503 qui
396 448 607 502 putarunt
635 445 867 487 Platonem
899 443 1039 487 animi
1069 457 1204 487 causa
1233 444 1386 487 laudes
1403 445 1580 487 Amoris
1602 444 1650 487 in
1675 458 1729 487 eo
1750 445 1977 488 celebrare

289 517 511 569 voluisse,
541 519 618 558 aut
643 515 840 559 Socratis
865 515 1109 572 imaginem
1127 516 1183 558 ad
1212 514 1354 570 ipsam
1374 515 1606 558 veritatem
1626 529 1876 571 expressam
1902 529 1977 564 ex-

290 587 518 639 hibuisse,
561 601 648 642 quo
678 589 870 643 pateret,
908 587 1089 642 qualem
1127 599 1174 628 se
1195 586 1481 640 praestitisset
1503 586 1550 628 in
1580 585 1824 629 amicorum
1844 589 1892 628 vel:
1911 587 1979 629 fa-

289 658 540 705 miliarium
572 657 904 714 congressibus,
951 658 1062 700 adeo
1097 656 1214 699 nihil
1239 657 1406 700 habere
1425 671 1512 712 quo
1532 671 1580 698 se
1602 658 1899 710 commendet,
1927 659 1978 699 ut

290 744 346 773 ea
377 730 663 784 comprobata
703 744 793 772 non
833 728 1000 784 possint
1037 742 1124 771 non
1162 728 1385 783 permulta
1411 728 1596 770 moleste
1626 729 1870 771 redundare
1900 730 1978 770 aut

287 800 439 856 inepte
461 799 610 843 addita
628 814 723 841 esse
744 799 910 852 videri,
938 814 1025 842 non
1044 811 1187 855 pauca
1211 798 1347 841 etiam
1362 798 1624 851 desiderari,
1653 812 1766 854 quae
1786 799 1841 841 ad
1863 798 1977 840 illud

287 871 541 928 scriptionis
562 870 797 912 eonsilium
827 870 1074 914 necessario
1106 869 1265 912 reterri
1292 867 1536 912 debuerint.
1594 869 1977 924 Quemadmodum

288 957 395 986 vero
414 942 639 985 neminem
661 955 888 998 speramus
907 942 1027 996 fore,
1073 941 1151 998 qui
1169 941 1216 983 in
1239 941 1326 983 hac
1347 955 1396 983 re
1421 954 1448 983 a
1470 939 1599 983 nobis
1621 940 1870 992 dissentiat3
1910 940 1975 984 ita

286 1014 411 1057 haud
431 1014 523 1056 scio
547 1027 604 1056 an
625 1027 777 1055 omnes
798 1012 988 1070 singulis
1007 1011 1175 1069 dialogi
1197 1012 1397 1068 partibus
1422 1011 1659 1068 diligenter
1691 1011 1976 1055 consideratis

287 1083 537 1129 dubitaturi
572 1084 685 1136 sint,
725 1088 876 1126 utrum
900 1085 1029 1128 Plato
1066 1085 1121 1126 de
1141 1082 1306 1126 amoris
1335 1088 1493 1130 natura
1519 1082 1734 1125 disserere
1761 1086 1805 1124 et
1830 1082 1975 1137 qualis

286 1170 386 1208 esse
403 1156 563 1199 debeat
585 1156 742 1198 docere
759 1154 950 1198 voluerit
964 1187 977 1209 ,
1010 1169 1068 1198 an
1087 1155 1314 1198 Socratem
1334 1154 1529 1196 liberare
1551 1155 1608 1196 ab
1629 1152 1794 1208 impuri
1809 1154 1974 1196 amoris

285 1227 560 1284 suspicione,
611 1226 659 1269 in
689 1240 824 1282 quam
855 1226 1048 1269 maxime
1079 1230 1257 1282 propter
1289 1224 1532 1268 Alcibiadis
1556 1238 1753 1266 amorem
1779 1228 1823 1266 et
1848 1223 1977 1267 fami-

283 1299 528 1350 liaritatem
558 1297 768 1340 incidisse
801 1297 944 1341 vider-i
974 1297 1126 1352 possit.
1185 1297 1417 1339 Permulta
1449 1294 1567 1337 enim
1596 1299 1722 1352 sunt,
1773 1309 1889 1351 quae
1919 1295 1975 1338 ad

287 1369 660 1427 comprobandam
675 1368 908 1424 utriusque
928 1367 1083 1410 iudicii
1101 1365 1335 1410 veritatem
1356 1367 1511 1410 afferri
1535 1371 1654 1409 recte
1672 1367 1852 1422 possint.
1909 1367 1974 1409 Ac

284 1443 492 1500 profecto
518 1455 575 1482 ne
598 1454 678 1483 nos
700 1439 880 1495 quidem
913 1440 969 1482 ab
1002 1439 1089 1481 hac
1117 1438 1333 1481 sententia
1354 1439 1485 1494 plane
1512 1437 1823 1479 discedendum
1849 1443 1976 1494 puta—

284 1527 415 1571 mus,
452 1512 584 1556 modo
616 1525 673 1554 ne
701 1512 890 1553 alterum
921 1512 978 1553 ab
1001 1511 1140 1554 altero
1161 1514 1422 1566 segregetur
1444 1513 1575 1563 atque
1608 1513 1684 1551 aut
1706 1509 1752 1551 in
1778 1511 1875 1553 sola
1893 1509 1975 1552 So-

286 1586 420 1628 cratis
456 1581 710 1626 laudatione
741 1586 818 1625 aut
849 1581 896 1624 in
937 1596 1026 1624 una
1062 1580 1354 1637 disputatione
1389 1581 1444 1622 de
1477 1580 1640 1622 amoris
1662 1580 1709 1622 vi
1740 1585 1784 1623 et
1813 1586 1974 1624 natura

285 1654 538 1712 scriptionis
561 1653 797 1695 eonsilium
821 1659 1071 1708 quaeratur.
1131 1653 1261 1707 Quod
1289 1651 1407 1694 enim
1438 1651 1485 1693 in
1509 1651 1731 1707 plerisque
1759 1651 1888 1694 libris
1909 1653 1974 1694 fe·-

285 1727 350 1770 cit
370 1725 684 1783 philosophus,
727 1728 778 1766 ut
811 1738 899 1766 non
921 1738 1059 1766 unum
1088 1723 1269 1777 aliquod
1300 1727 1610 1778 argumentum
1637 1727 1891 1777 persecutus
1916 1723 1975 1768 sit

285 1803 332 1841 et
346 1796 659 1852 illustraverit,
690 1796 766 1838 sed
784 1796 938 1851 plura,
967 1808 1080 1851 quae
1107 1794 1221 1836 inter
1248 1808 1294 1836 se
1327 1793 1588 1850 cognatione
1615 1793 1806 1848 quadam
1830 1799 1974 1838 essent

285 1869 544 1922 eoniuncta3
585 1866 633 1909 id
659 1866 796 1909 etiam
814 1867 861 1908 in
882 1867 971 1908 hoc
993 1865 1110 1908 libro
1135 1871 1308 1908 secutus
1328 1870 1417 1917 est,
1460 1864 1507 1907 in
1527 1878 1613 1919 quo
1639 1867 1973 1919 temperantiae,

283 1938 601 1993 moderationis
621 1942 665 1980 et
687 1937 981 1990 fortitudinis,
1010 1936 1153 1991 qualis
1176 1935 1223 1978 in
1245 1936 1426 1978 Socrate
1447 1935 1685 1991 conspicua
1708 1936 1864 1989 fuerit,
1892 1937 1975 1981 de·-

284 2011 544 2057 scribendae
568 2009 805 2051 consilium
826 2007 1051 2051 coniunxit
1071 2021 1172 2049 cum
1190 2006 1482 2062 disputatione
1504 2007 1557 2048 de
1583 2020 1689 2048 vera
1709 2007 1871 2051 amoris
1894 2024 1973 2053 na-

283 2087 410 2135 tura,
441 2082 573 2136 idque
594 2084 715 2124 tanta
734 2079 966 2136 prudentia
985 2085 1116 2134 atque
1135 2078 1362 2134 sapientia,
1391 2082 1455 2130 ut,
1479 2092 1615 2132 quum
1638 2092 1709 2119 res
1729 2078 1872 2132 primo
1894 2081 1974 2123 ad-

283 2159 438 2211 spectu
466 2153 582 2195 inter
606 2165 653 2193 se
674 2151 865 2193 maxime
890 2151 1089 2193 diversae
1110 2149 1291 2195 tractari
1314 2149 1572 2201 videantur,
1602 2154 1750 2190 tamen
1771 2151 1973 2207 singulae

265 2224 393 2278 ³libri
411 2228 556 2280 partes
577 2222 740 2277 optime
762 2222 877 2265 inter
897 2236 943 2264 se
961 2235 1097 2263 nexae
1119 2224 1165 2262 et
1182 2221 1413 2276 copulatae
1435 2219 1521 2262 sint
1534 2220 1730 2274 adeoque
1743 2225 1832 2263 tam
1851 2228 1973 2266 arcte

284 2295 439 2347 omnia
457 2294 750 2346 cohaereant,
779 2298 829 2336 ut
853 2293 1031 2349 singula
1050 2291 1138 2335 sibi
1163 2292 1355 2334 invicem
1376 2291 1505 2346 quasi
1522 2295 1721 2333 mutuam
1745 2293 1974 2338 affundant

283 2367 432 2411 lucem
453 2370 495 2407 et
516 2364 572 2407 ad
589 2379 868 2406 communem
887 2365 1021 2406 finem
1045 2363 1319 2405 contendant.
1381 2362 1467 2404 Sed
1502 2362 1614 2404 haec
1647 2362 1753 2417 quid
1782 2363 1867 2407 sibi
1896 2380 1972 2408 ve-

282 2437 393 2494 lint,
423 2451 510 2493 quo
534 2435 698 2478 clarius
718 2436 1018 2492 intelligatur,
1051 2448 1163 2490 age,
1192 2448 1287 2476 rem
1315 2433 1464 2489 paullo
1490 2432 1623 2475 altius
1645 2439 1894 2489 repetamus
1918 2450 1970 2480 ac

283 2508 523 2561 dilucidius
548 2520 827 2562 exponamus.

452 2580 607 2633 Itaque
638 2579 756 2632 quod
785 2577 973 2620 diximffl
994 2578 1226 2620 Platonem
1252 2569 1449 2632 prii'num
1466 2574 1564 2616 -hoc
1589 2572 1676 2616 sibi
1699 2576 1973 2630 propositum

283 2651 496 2695 habuisse
527 2649 573 2691 in
607 2648 695 2690 hoc
724 2648 840 2690 libro
869 2647 1126 2703 scribendo,
1172 2653 1222 2690 ut
1255 2645 1591 2702 temperantiae,
1629 2645 1898 2690 fortitudinis
1929 2653 1974 2692 et

284 2719 603 2766 moderationis
623 2719 867 2775 imaginem
884 2719 1107 2773 quandam
1129 2718 1383 2770 exhiberet,
1422 2715 1565 2771 qualis
1588 2716 1634 2758 in
1657 2715 1836 2759 Socrate
1863 2719 1975 2762 fuis-

285 2799 353 2840 set
379 2792 645 2847 conspicua3
673 2791 761 2833 hoc
786 2805 873 2832 non
898 2790 960 2833 ita
974 2789 1169 2845 intelligi
1187 2790 1391 2830 volumus
1407 2819 1420 2840 ,
1457 2802 1508 2830 ac
1537 2786 1575 2829 si
1597 2787 1686 2830 viri
1709 2789 1973 2834 sanctissimi

284 2867 454 2909 famam
477 2862 689 2905 voluisset
714 2860 940 2904 vindicare
957 2875 985 2903 a
1008 2859 1376 2903 caliuuniatorum
1406 2858 1659 2901 rumoribus
1684 2865 1727 2902 et
1748 2861 1972 2915 conviciis,

284 2937 333 2981 iu
364 2950 452 2992 qua
486 2931 703 2977 sententia
732 2946 818 2974 non
847 2945 1008 2987 paucos
1041 2930 1176 2973 fuisse
1207 2931 1425 2973 novimus.
1482 2930 1632 2985 Neque
1664 2931 1782 2973 enim
1815 2931 1974 2975 huius-

285 3007 410 3050 modi
442 3019 549 3061 opus
577 3003 662 3046 fuit
686 3002 963 3054 defensione,
1002 3016 1139 3057 quum
1165 3016 1218 3043 ne
1248 3001 1455 3044 acerrimi
1482 3002 1660 3057 quidem
1695 3002 1790 3044 eius
1819 3003 1975 3046 adver-

285 3077 394 3130 sarii
419 3082 463 3119 et
488 3073 658 3118 inimici
684 3073 823 3129 turpis
843 3073 1208 3129 intemperantiae
1230 3073 1396 3115 crimen
1429 3072 1476 3115 in
1503 3087 1605 3114 eum
1641 3073 1878 3116 coniecisse
1902 3088 1974 3116 re·

285 3148 538 3205 periantur‚
578 3145 617 3187 si
636 3144 813 3200 quidem
834 3157 938 3186 eum
963 3143 1235 3186 iuventutem
1264 3144 1513 3199 corrupisse
1541 3143 1713 3186 nonnisi
1744 3149 1974 3199 propterea

288 3219 522 3269 dicebant,
554 3215 671 3271 quod
692 3215 804 3258 alios
832 3215 936 3258 deos
965 3228 1059 3257 esse
1089 3215 1264 3258 doceret
1294 3220 1426 3271 atque
1453 3215 1580 3267 illos,
1620 3214 1695 3270 qui
1723 3214 1770 3256 in
1796 3214 1973 3258 civitate

284 3290 563 3340 colerentur,
619 3291 665 3328 et
699 3286 816 3341 quod
844 3299 919 3328 eos
947 3286 1148 3347 redderet
1172 3287 1326 3343 legum
1358 3286 1638 3347 publicarum
1668 3291 1972 3329 contemtores.

287 3361 443 3417 Neque
480 3358 715 3415 quisquam
746 3358 947 3401 veterum
983 3357 1269 3415 scriptorum,
1313 3358 1431 3414 quod
1463 3357 1653 3403 sciamus
1664 3387 1679 3411 2
1731 3356 1974 3400 memorias
