2040 3646
1639 121 1827 164 xxxix

310 262 368 306 Et
395 272 474 318 per
488 260 687 319 singulas
714 242 894 316 quidem
915 262 1060 316 partes
1078 263 1253 315 praeter
1272 262 1441 303 ceteras
1465 259 1672 313 virtutes,
1708 273 1823 315 quae
1850 310 1855 315 ι

146 346 603 393 Ρῐαίοιιίοοωιιιιιιιθε
626 349 727 389 suut
750 358 853 386 cum
873 344 974 387 aliis
995 343 1256 397 Socraticis,
1281 344 1518 401 praecipue
1539 345 1824 401 conspicuum

145 436 212 475 cst
234 431 347 474 illud
365 430 606 478 disserendi
627 428 890 482 artificium,
919 429 1035 484 quod
1054 442 1235 484 prorsus
1258 434 1323 471 est
1346 431 1725 473 accommodatum
1752 430 1824 472 vel

141 517 200 563 ad
228 528 398 561 errores
430 529 644 558 vanorum
668 513 898 556 hominum
927 513 1234 566 confutandos,
1285 514 1357 556 vel
1389 515 1446 557 ad
1477 515 1622 558 studia
1651 514 1822 556 discen-

128 601 256 645 tium
275 600 466 643 iuvanda
487 604 532 643 et
554 599 680 655 quasi
707 603 802 642 arte
835 596 1089 642 obstetricia
1119 612 1172 640 ex
1197 597 1542 654 parturientibus
1570 613 1724 644 eorum
1750 600 1821 642 in-

140 686 287 743 geniis
315 685 514 729 notiones
543 683 763 727 involutas
791 683 1042 727 eliciendas.
1098 682 1212 726 Nam
1244 686 1414 725 tantum
1437 685 1585 740 abest,
1623 689 1675 730 ut
1702 683 1819 739 apud

138 772 396 822 Platonem,
424 769 471 812 id
497 770 613 824 quod
633 768 749 824 apud
780 773 953 811 nostros
982 769 1073 811 fere
1095 767 1317 823 reperias,
1353 767 1502 810 omnia
1525 776 1823 827 proponantur

137 856 229 900 iam
248 853 355 897 satis
373 853 630 908 explanata,
658 851 934 908 argumentis
956 851 1275 905 demonstrata,
1304 857 1511 907 certoque
1535 854 1686 896 ordine
1705 853 1820 896 inter

136 940 368 991 seiuncta,
395 942 445 980 ut
462 936 578 980 inter
598 937 850 994 legendum,
875 935 980 991 quid
999 949 1152 978 verum
1177 936 1256 989 sit,
1286 935 1391 991 quid
1415 937 1600 990 falsum,
1630 943 1705 980 tuo
1725 937 1818 992 ipse

134 1023 315 1081 ingenio
341 1022 576 1078 anquirere
595 1021 935 1078 etinvestigare
966 1021 1143 1077 cogaris
1175 1027 1219 1064 et
1251 1022 1308 1065 ad
1336 1022 1430 1064 veri
1453 1022 1694 1077 quaerendi
1725 1028 1818 1064 stu-

132 1109 259 1153 dium
275 1098 464 1150 mirifice
481 1107 740 1163 impellaris.
793 1086 966 1163 Quippe
986 1105 1183 1149 notiones
1206 1106 1366 1149 mentis
1388 1107 1675 1162 complicatae
1689 1108 1819 1162 paul-

130 1193 259 1238 latim
285 1193 570 1245 evolvuntur3
601 1206 713 1248 quae
738 1197 837 1236 sunt
858 1191 1057 1234 difficilia
1076 1195 1119 1234 et
1138 1190 1372 1247 impedita,
1399 1182 1565 1236 sensim
1581 1192 1818 1247 explanan-

134 1284 231 1331 tur3
259 1277 449 1333 denique
470 1292 569 1330 res,
598 1291 714 1333 quae
736 1282 974 1330 tractatur,
1002 1276 1049 1319 in
1069 1281 1162 1318 tam
1187 1275 1329 1318 varias
1350 1283 1496 1332 partes
1515 1283 1741 1328 versatur,
1769 1281 1818 1318 ut

66 1418 69 1420 q
128 1362 376 1419 legentium
408 1361 590 1417 ingenia
623 1376 710 1403 non
742 1361 909 1417 possint
948 1375 1034 1404 uon
1073 1360 1262 1417 agitari,
1322 1361 1566 1417 agitatione
1606 1361 1815 1414 exerceri,

128 1447 443 1491 exercitatione
464 1447 615 1503 subigi
640 1454 684 1489 et
704 1440 947 1489 adverum
975 1419 1287 1488 inveniendum
1309 1446 1433 1488 reddi
1459 1445 1632 1489 idonea.
1689 1447 1816 1501 Quae

129 1533 310 1590 quidem
339 1546 411 1575 res
441 1532 590 1587 ecquis
623 1536 690 1575 est
719 1528 825 1586 quin
853 1530 1002 1574 videat
1035 1535 1247 1585 quantum
1277 1530 1436 1574 afferat
1463 1531 1715 1588 legentibus
1744 1531 1817 1573 vel

129 1617 334 1668 utilitatis
364 1617 438 1660 vel
473 1615 809 1660 delectationis?
865 1616 1020 1672 Itaque
1051 1615 1175 1672 legas
1202 1615 1316 1658 mihi
1344 1600 1544 1660 Platonis
1571 1616 1815 1660 doctrinam

127 1705 186 1747 ab
209 1702 455 1745 recentiore
476 1702 625 1757 aliquo
654 1700 965 1758 philosophiae
992 1701 1155 1744 veteris
1179 1701 1394 1756 scriptore
1418 1701 1683 1758 expositam:
1721 1716 1815 1743 nie-

127 1787 338 1831 diocriter
355 1787 585 1840 afficieris,
633 1801 792 1843 parum
821 1786 1028 1828 didicisse
1059 1786 1144 1829 tibi
1172 1786 1416 1839 videberis,
1457 1802 1539 1829 nec
1564 1788 1659 1830 ullo
1682 1787 1814 1829 modo

125 1872 298 1929 ingenii
322 1872 414 1914 vim
442 1872 605 1915 aluisse
634 1872 706 1914 vel
730 1871 957 1914 excitasse.
1014 1872 1072 1914 At
1091 1875 1301 1928 quantum
1335 1872 1503 1914 fructus
1525 1878 1658 1928 atque
1684 1873 1812 1915 volu-

126 1957 260 2014 ptatis
283 1957 429 2012 capies
449 1971 500 2001 ex
510 1958 605 2012 ipsa
625 1957 907 2013 dialogorum
922 1956 1017 1999 eius
1027 1955 1251 1999 lectione?
1281 1971 1416 2012 quam
1434 1971 1463 2001 a
1483 1957 1569 2000 viri
1584 1957 1721 2000 divini
1737 1972 1814 1999 ore

124 2032 370 2099 pendebis‘l
399 2055 534 2097 quam
554 2041 750 2085 discedes
772 2043 829 2085 ab
850 2056 904 2084 eo
929 2040 1168 2096 sapientior
1188 2046 1232 2084 et
1261 2041 1317 2084 ad
1337 2056 1491 2084 verum
1514 2044 1814 2098 quaerendum

125 2126 553 2190 excogitandumque
574 2126 787 2168 erectior!
844 2126 981 2181 Atqui
1010 2140 1081 2169 res
1110 2130 1154 2168 et
1176 2127 1417 2170 sententiae
1449 2128 1653 2179 eaedem;
1695 2128 1814 2171 idem

124 2212 362 2267 utrobique
391 2225 551 2267 corpus
586 2210 834 2254 doctrinae!
890 2210 1113 2255 Nimirum
1156 2210 1349 2262 alterum
1386 2217 1452 2254 est
1478 2212 1605 2269 quasi
1640 2212 1731 2256 vita
1769 2217 1813 2256 et

124 2296 283 2353 spiritu
312 2297 519 2341 orbatum
550 2301 682 2352 atque
710 2301 961 2338 mortuunn
1004 2295 1053 2338 in
1072 2295 1215 2339 altero
1241 2294 1364 2353 viget
1388 2296 1580 2341 divinior
1598 2298 1812 2353 quaedam

123 2381 218 2435 vis,
246 2396 360 2438 quae
378 2381 609 2439 ingenium
641 2380 832 2438 legentis
864 2380 1051 2433 excitat,
1097 2384 1290 2423 mentem
1324 2381 1381 2424 ad
1411 2382 1504 2424 vim
1536 2396 1661 2426 suam
1687 2394 1811 2426 'exse-

122 2467 307 2510 rendam
336 2466 463 2522 quasi
492 2470 701 2523 provocat
731 2470 863 2521 atque
890 2465 1039 2518 elicit,
1088 2465 1277 2521 denique
1303 2467 1502 2510 animum
1526 2482 1657 2512 sensu
1675 2469 1811 2512 afficit

123 2565 275 2594 rerum
297 2550 717 2594 iucundissimarum
745 2556 789 2593 et
811 2549 1190 2607 gravissimarum.
1247 2551 1406 2606 Itaque
1434 2556 1537 2594 eant
1554 2567 1695 2605 nunc,
1733 2553 1810 2610 qui

123 2635 213 2680 sibi
235 2636 414 2691 suisque
431 2636 577 2679 subito
599 2635 802 2692 germani
825 2635 1044 2678 Socratici
1070 2635 1297 2688 videntur,
1343 2650 1480 2692 quum
1499 2636 1726 2695 dialogos,
1770 2639 1809 2682 si

123 2721 210 2764 diis
231 2721 398 2776 placet,
453 2724 816 2776 composuerunt,
872 2720 919 2762 in
946 2720 1109 2775 quibus
1139 2725 1224 2764 aut*
1245 2721 1460 2777 magister
1482 2722 1703 2777 breviter,
1759 2727 1809 2769 ut

122 2807 359 2862 ignorans,
400 2806 670 2862 interrogat,
715 2804 960 2860 discipulus
985 2804 1110 2848 docte
1141 2787 1187 2849 ct
1217 2805 1392 2861 copiose
1423 2807 1684 2862 respondet,
1732 2812 1808 2851 aut

125 2895 280 2933 contra
303 2889 517 2946 magister
536 2890 685 2932 onmia
701 2894 822 2932 tanta
850 2890 1051 2933 ubertate
1076 2885 1252 2947 exponit
1286 2895 1331 2934 et
1354 2891 1481 2946 quasi
1499 2891 1718 2944 inculcat,
1757 2895 1808 2935 ut

124 2989 262 3031 puero
286 2974 350 3016 nil
371 2973 458 3016 nisi
481 2974 673 3030 negandi
695 2981 772 3018 aut
793 2974 1041 3017 affirmandi
1054 2974 1174 3031 optio
1194 2975 1481 3032 relinquatur.
1539 2977 1656 3019 Eant
1676 2990 1806 3028 nunc,

112 3060 201 3115 ‘qui
225 3060 458 3103 Platonem
493 3059 665 3114 penitus
692 3057 864 3101 novisse
897 3058 986 3102 sibi
1015 3058 1240 3113 videntur,
1290 3075 1427 3117 quum
1451 3061 1742 3106 eiusvdecreta
1763 3065 1807 3103 et
1854 3083 1864 3102 :-

110 3144 288 3200 placita
305 3158 358 3186 ex
379 3144 737 3199 compendiorum
764 3142 1043 3186 adminiculis
1071 3143 1264 3199 undique
1289 3159 1467 3189 corrasa
1490 3146 1682 3197 habent,
1720 3145 1806 3188 sci-

124 3228 230 3271 licet
251 3234 298 3271 ut
320 3227 592 3271 circumcisis
615 3228 822 3271 omnibus
847 3228 1112 3285 ambagibus
1133 3230 1290 3272 nucleo
1313 3230 1515 3272 fruantur
1529 3262 1541 3281 ,
1581 3230 1806 3284 putamina

123 3312 375 3370 relinquant
390 3312 506 3360 aliis.
563 3312 731 3370 Nempe
754 3326 980 3370 nunquam
1005 3312 1258 3358 Socraticus
1285 3315 1465 3368 evadet,
1499 3313 1587 3361 nisi
1618 3314 1697 3370 qui
1726 3315 1807 3359 ha-
