2040 3646
293 140 399 206 144

963 140 1319 200 PLATONIS

183 288 259 347 G
299 302 355 341 τε
378 279 472 338 καὶ
499 278 780 341 ἅθᾶνατον
800 268 998 355 οὖσαν,
1027 282 1078 343 εἰ
1098 281 1582 392 q>t2660q203⁹av1j9
1604 289 1815 364 μέλλων
1841 292 1985 354 εἷπο-

301 370 602 426 θανεῖσθαι
623 409 640 439 ,
703 364 934 443 θαρὀν
980 388 1037 426 τε
1072 370 1167 428 καὶ
1199 367 1506 449 ἡγούιιενος
1542 370 1842 437 ἄποθανών
1876 381 1987 439 ἐκεῖ

297 474 366 510 ευ
343 441 612 529 ς’πράξειν
639 447 1062 528 διαφερόντοις”
1034 476 1072 532 η
1097 454 1146 512 εἰ
1158 453 1223 512 ἑν
1247 451 1395 537 &2992
1430 458 1532 540 βιῳ
1571 456 1732 533 βιοὺς
1771 462 1982 523 ἐτελεύ-

296 556 391 608 τα,
435 531 511 615 μὴ
544 532 778 614 ἀνόητόν
811 557 866 594 τε
892 536 987 594 καὶ
1031 535 1253 616 ἠλίθιον
1285 515 1508 618 θάόυος
1541 543 1832 624 θαροήσει.

1915 545 1981 607 τὸ

293 622 355 680 δὲ
381 617 770 728 dnoqmt'vew,
784 616 869 678 ὅτι
892 620 1120 699 ἰσχυρόν
1157 623 1213 681 τί
1237 623 1380 683 ἐστιν
1420 649 1456 704 η
1493 625 1648 707 ’ψυχή
1679 632 1772 689 καὶ
1797 637 1978 691 θεοει-

292 706 403 778 δές,
427 705 521 764 καὶ
547 701 631 763 ὅτι
654 706 729 784 ἡν
751 704 827 763 ε’τι
848 703 1116 782 πρότερον
1150 708 1282 786 πρὶν
1306 706 1451 788 ἡμᾶς
1474 708 1810 789 ἀνθρώπους
1830 716 1978 794 γενέ-

291 796 456 864 σθαι,
500 786 668 849 οὐδὲν
689 787 923 850 κωλύειν
948 787 1063 869 φῂς
1083 790 1263 852 πάντα
1300 799 1474 853 ταῦτα
1505 795 1736 876 μηνύειν
1759 797 1976 860 ἐθανα-

339 1011 658 1083 διαφερόντως
694 1031 724 1071 η
771 1013 842 1071 εἰ]
894 1012 947 1058 V.
989 1014 1036 1060 εἰ
1063 1015 1243 1070 deerat,
1293 1018 1409 1074 quod
1437 1018 1761 1066 redhibuerunt
1801 1023 1974 1068 codices

285 1073 454 1130 optimi.

338 1150 450 1210 πρὶν
478 1145 599 1208 ἡμᾶς
627 1142 912 1208 ἀνθρώπους
936 1147 1186 1206 γενέσθαι]
1217 1152 1328 1196 vett.
1357 1153 1480 1197 editt.
1522 1148 1808 1214 ἀνθρώπους
1842 1158 1976 1204 omit-

337 1349 387 1392 C.
418 1348 462 1393 εἰ
479 1343 738 1405 φιλόσοφος
775 1343 895 1416 α’νὴρ
917 1346 1091 1404 μέλλων

280 1400 389 1462 cim]
446 1407 507 1450 Si
553 1407 636 1447 vir
690 1406 1090 1461 philosophus

277 1467 458 1507 morte
516 1462 855 1505 imminente
903 1463 1088 1506 animo

278 1521 662 1564 confirmatus
721 1525 774 1562 et
827 1521 939 1563 hae
987 1535 1087 1575 spe

276 1583 667 1628 sustentatus,
704 1578 848 1630 fore,
877 1584 934 1621 ut
959 1582 1086 1634 post

273 1639 519 1680 mortem
566 1634 704 1676 illic
740 1636 953 1677 melius
995 1649 1086 1677 se·-

275 1707 401 1735 cum
447 1699 675 1749 agatur,
724 1706 885 1746 quam
934 1691 983 1734 si
1029 1692 1083 1735 in

271 1750 397 1793 alio
448 1751 600 1792 vitae
654 1762 868 1803 genere
909 1749 1085 1804 (neque

271 1822 341 1860 eo,
370 1821 456 1862 quo
478 1805 732 1863 philosophi
757 1807 958 1872 utunttu)
989 1820 1084 1848 ae·-

270 1870 457 1909 tatem
510 1862 933 1919 transegisset,
974 1878 1080 1906 non

265 1927 484 1966 temere
541 1925 596 1963 et
651 1921 840 1962 stulte
899 1921 1080 1964 talem

226 1996 228 1998 ·
266 1983 601 2033 tantamque
637 1976 915 2021 fiduciam
954 1992 1079 2022 sus-

266 2040 553 2110 centurus
568 2034 658 2077 sit.

321 2091 352 2163 ᾒ
380 2094 422 2137 εἰ
446 2091 493 2136 ἐν
525 2088 642 2150 ἄλλῳ
669 2091 753 2150 βίῳ
768 2091 828 2160 β.
856 2082 918 2136 ἔτ.
930 2092 948 2147 ]
986 2092 1076 2134 Do

262 2152 355 2195 cuit
374 2151 493 2193 enim
530 2135 640 2193 Soc‘i
642 2157 733 2192 ates
766 2148 811 2191 in
838 2148 1082 2204 superiori-

261 2209 347 2253 bus
366 2223 456 2261 eos,
469 2207 746 2263 quimaxime
768 2206 1078 2262 philosophiae

261 2281 442 2322 operam
490 2265 713 2315 dederint,
762 2263 975 2306 facillime
1017 2264 1075 2306 ad

260 2324 366 2366 deos
383 2323 559 2365 evolare
581 2326 624 2363 et
645 2322 700 2363 ad
713 2321 955 2363 maximam
973 2335 1072 2376 per-

258 2380 410 2424 venire
430 2379 685 2422 felicitatem
705 2391 757 2420 ac
771 2378 1042 2421 beatitatem.

313 2433 366 2482 τὸ
411 2435 462 2481 δὲ
502 2431 782 2490 ἀποφαίνειν
795 2470 806 2490 ,
847 2430 922 2479 ὅτι
950 2428 1069 2491 ἰσχ.]

253 2494 400 2539 Locus
426 2495 557 2537 valde
586 2493 822 2549 impeditus
861 2496 905 2534 et
931 2491 1073 2547 pluri-

255 2552 342 2596 mis
364 2552 564 2594 virorum
587 2552 815 2593 doctorum
847 2550 1069 2592 coniectu-

249 2609 317 2652 ‘ris
369 2613 572 2652 tentatus.
662 2606 961 2650 Nihilominus
1019 2610 1064 2649 et

254 2667 380 2709 codd.
393 2681 542 2709 omnes
554 2666 607 2707 de
619 2664 712 2707 eius
723 2664 807 2706 seri
811 2669 939 2719 ptura
956 2677 1064 2706 con-

251 2723 458 2777 sentiunt,
488 2731 568 2766 nec
593 2721 832 2776 quidquam
849 2721 948 2762 loco
963 2734 1061 2763 moe

248 2780 440 2823 vendam
470 2779 596 2822 nobis
624 2778 809 2822 videtur.
876 2778 963 2820 Sed
991 2777 1060 2821 vi·-

249 2837 434 2879 dearnus
463 2837 517 2878 de
536 2836 737 2891 singulm.
782 2836 862 2889 Qu
876 2835 941 2877 od
969 2848 1058 2877 au-

247 2900 382 2947 tem,
411 2894 580 2948 inquit,
611 2891 819 2948 aliquis
850 2893 1058 2934 doceat

247 2952 500 2994 animum
555 2964 675 2992 esse
735 2965 762 2992 v
788 2963 815 2992 a
839 2949 888 2991 li
909 2949 935 2990 d
957 2962 987 2990 u
1008 2962 1055 2990 m

245 3007 538 3063 quiddam,
595 3006 762 3049 sirmu
779 3020 847 3058 ιιι,
889 3005 1055 3048 divi-

243 3079 402 3117 num,
431 3069 566 3119 atqu
583 3077 608 3105 e
644 3063 853 3106 vixisse
890 3061 1052 3117 prius

244 3136 406 3177 quam
434 3136 530 3163 nos
561 3120 821 3162 homines
850 3133 1052 3162 nasce-

239 3192 454 3232 remur,
483 3177 620 3221 idai
637 3192 656 3219 s
685 3171 839 3219 nihil
867 3176 1051 3231 impe-

234 3235 392 3288 dire,
464 3233 845 3291 quominus
901 3233 1049 3275 haec·

170 3319 178 3328 v>
235 3293 421 3335 omnia
464 3291 836 3335 ostendant
891 3289 1048 3332 haud

212 3337 462 3404 quidem
499 3346 1044 3399 immortalitatem,

228 3406 324 3450 ned
352 3407 478 3459 hoc,
507 3406 752 3449 animum
780 3417 899 3448 esse
929 3401 1051 3448 diu-⁶

1152 1353 1408 1404 turnum,
1438 1355 1608 1407 atque
1638 1353 1968 1402 immensum

1153 1383 1431 1476 qtuantul’n
1496 1413 1778 1467 temporis
1844 1429 1967 1470 spa-

1152 1464 1295 1506 tium
1323 1466 1427 1507 iam
1466 1472 1632 1511 antea
1668 1470 1962 1528 viguisse,

1150 1523 1453 1577 multaque
1511 1529 1565 1566 et
1621 1530 1961 1582 cognovisse

1150 1583 1203 1620 et
1231 1579 1460 1622 secisse.
1516 1582 1569 1624 In
1599 1561 1828 1655 hismoles
1823 1590 1876 1629 ta
1892 1586 1964 1629 vi-

1151 1648 1204 1677 sa
1223 1641 1323 1678 sunt
1343 1636 1450 1679 ista:
1482 1631 1747 1684 ἀθανασίαν
1773 1639 1857 1696 μὲν
1877 1638 1960 1700 μή,

1151 1687 1223 1735 ὅτι
1245 1692 1293 1736 δὲ
1320 1692 1625 1761 πολυχρόνιον
1661 1713 1701 1740 κ.
1727 1715 1766 1742 τ.
1796 1700 1833 1742 λ.
1864 1714 1960 1743 ma·-

1146 1749 1317 1805 luitque
1339 1752 1523 1794 Heind
1538 1767 1597 1795 or
1610 1754 1652 1797 ‘⁸1
1663 1757 1960 1825 asscriptum

1147 1820 1243 1848 esse
1271 1808 1358 1848 hoc
1393 1809 1551 1852 modo:
1600 1806 1738 1855 οὐδὲν
1765 1810 1957 1858 κωλύειν

1158 1860 1250 1934 φῂς
1280 1864 1434 1909 πάντα
1467 1868 1617 1911 ταῦτα
1653 1867 1846 1939 μηνύειν
1897 1884 1956 1915 ου

1144 1920 1228 1977 τὴν
1251 1915 1539 1976 ἆθανασιᾞαν
1570 1920 1683 1970 ἀλλὰ
1714 1924 1862 1982 μόνον
1881 1923 1957 1973 ὅτι

1143 1975 1453 2046 πολυχρόνιόν
1502 1980 1552 2024 τέ
1601 1980 1696 2027 ἐστι
1746 2001 1787 2027 κ.
1824 2001 1864 2029 τ.
1911 1987 1951 2031 λ.

1142 2036 1364 2078 Nimirum
1391 2038 1605 2082 sententia
1651 2040 1813 2096 utique
1838 2042 1952 2086 haee

1143 2099 1232 2135 est:
1263 2093 1408 2137 haec
1449 2097 1637 2140 omnia
1677 2099 1759 2141 ais
1800 2099 1952 2143 nihil

1140 2149 1443 2206 ilnpedile‚
1488 2154 1798 2208 quominus
1834 2162 1954 2200 sta-

1142 2211 1369 2250 tuamus
1406 2210 1644 2254 animum
1684 2226 1799 2256 non
1827 2227 1950 2257 esse

1139 2262 1564 2320 immortalem,
1605 2269 1702 2311 sed
1730 2275 1949 2314 tantum

1137 2320 1276 2374 hoc,
1307 2323 1428 2366 esse
1457 2338 1580 2367 eum
1609 2325 1946 2371 diuturnum

1138 2382 1196 2420 et
1223 2354 1583 2446 l6ngaevum.
1629 2382 1716 2425 Sed
1740 2383 1855 2426 nihil
1873 2389 1945 2427 ta-

1134 2449 1238 2478 men
1263 2436 1310 2478 in
1339 2437 1519 2480 Graecis
1542 2438 1802 2483 mutandum
1821 2441 1945 2484 vide-

1133 2497 1220 2535 tur.
1261 2493 1375 2535 Nam
1395 2490 1511 2550 quod
1529 2495 1789 2564 simpliciter
1811 2498 1944 2542 effer-

1132 2549 1173 2591 ri
1175 2554 1362 2618 poterat
1392 2551 1478 2594 sic·
1509 2549 1663 2596 πάντα
1685 2555 1834 2598 ταῦτα
1853 2571 1942 2626 μη-

1130 2603 1259 2650 νύειν
1278 2604 1446 2664 μόνον,
1477 2602 1551 2652 ὅτι
1568 2609 1874 2678 πολυχρόνιόν
1892 2612 1942 2656 τέ

1126 2659 1224 2707 ἐστι
1243 2679 1282 2708 κ.
1308 2681 1347 2708 τ.
1370 2668 1423 2721 λ.,
1440 2665 1483 2707 id
1496 2665 1751 2733 interposita
1770 2674 1943 2714 contra-

1126 2720 1220 2764 riae
1241 2722 1424 2766 rationis
1440 2723 1662 2766 mentione
1679 2725 1853 2796 plenius
1873 2727 1939 2770 sic
2015 2742 2017 2744 ·

1122 2777 1390 2827 enuntiavit.
1431 2776 1699 2826 ἀθανασίαν
1733 2798 1819 2838 μεν
1856 2781 1938 2852 μή,

1123 2831 1198 2878 ὅτι
1221 2833 1272 2878 δέ
1301 2840 1398 2889 etc„
1427 2836 1474 2879 in
1496 2837 1655 2893 quibus
1684 2840 1844 2894 verba,
1883 2853 1937 2885 οι-
1975 2870 1989 2895 ι,

1121 2893 1358 2936 θανασίαν
1389 2909 1472 2948 μεν
1515 2894 1579 2950 μή
1594 2928 1606 2949 ,
1649 2902 1932 2965 compensant

1120 2949 1443 3004 quodammodo
1470 2952 1592 2994 vocis
1622 2951 1768 3008 μόνον
1798 2954 1933 2997 omis-

1118 3006 1300 3050 sionem.
1385 3008 1537 3076 Neque
1574 3008 1820 3053 obscurum
1847 3016 1928 3064 est,

1119 3077 1199 3105 cur
1214 3064 1381 3106 dictum
1394 3062 1450 3107 sit
1459 3081 1538 3122 μη
1553 3081 1695 3121 neque
1707 3065 1779 3121 οὕ,
1793 3069 1931 3123 quum

1115 3134 1187 3162 res
1211 3135 1263 3163 ex
1296 3126 1441 3164 mente
1465 3123 1642 3167 Cebetis
1672 3124 1925 3180 explicetur.

1117 3177 1247 3232 Quod
1262 3178 1367 3234 quid
1384 3175 1471 3221 sibi
1490 3180 1611 3232 velit,
1631 3181 1806 3223 facilius
1825 3194 1924 3236 per-

1114 3234 1272 3288 spicies
1293 3250 1344 3277 ex
1359 3235 1443 3278 hac
1455 3237 1763 3280 translatione:
1783 3238 1839 3279 »d
1850 3238 1866 3281 i
1876 3252 1923 3281 e-

1115 3305 1231 3342 seS‚
1290 3297 1452 3348 sagst
1520 3294 1590 3335 du
1608 3325 1622 3346 ‚
1685 3294 1923 3338 hindei-e

1112 3347 1303 3400 nieht,
1356 3349 1484 3393 dass
1533 3349 1726 3394 dieses
1774 3351 1920 3394 allen
1966 3371 1968 3374 ·

1111 3405 1347 3462 anzeige
1389 3407 1550 3452 nae‘cht
1592 3413 1738 3452 etwa
1789 3407 1928 3452 eine*
