2040 3646
255 181 293 227 L

252 332 254 334 ·
316 324 318 326 ’
347 326 349 329 “
368 319 487 365 Edit.
518 308 607 363 sec.
636 315 779 360 oxon.
806 313 934 360 1⁷52.
962 309 1018 359 8.·
1066 316 1134 359 De
1155 306 1517 373 interpretatione
1539 317 1703 362 horum
1726 317 1946 363 librorum

368 403 459 434 non
485 389 604 432 male
631 386 827 430 meritus·
848 390 940 429 esti
966 399 1085 442 ⁴opes
1107 387 1292 430 criticas
1319 389 1466 431 nullas
1493 389 1664 432 habuit.
1723 434 1731 441 ,

256 461 295 506 P
315 461 332 506 l
351 473 378 505 a
396 465 417 504 t
436 473 463 502 o
485 474 515 502 n
530 458 558 502 i
575 473 596 501 s
635 459 674 500 E
698 450 1019 515 uthyphr'o,
1077 457 1365 514 Apologia
1405 459 1697 513 Socratis,
1753 459 1947 514 Crito,

370 530 634 582 Phaedo‚
665 528 897 572 Graece.
953 526 1021 571 Ad
1057 527 1191 571 fidem
1227 529 1352 572 codd.
1393 538 1498 573 mss.
1529 529 1728 586 Tubing.
1758 530 1949 586 August.

369 601 652 657 aliorumque
691 602 736 642 et
774 595 995 642 librorum
1023 597 1243 641 editorum
1269 591 1470 644 veterum
1497 601 1746 653 recensuit,
1802 615 1952 642 emcn-

368 671 519 724 davit,
547 669 781 726 explicavit
809 670 846 712 1.
875 670 950 713 Fr:
958 666 1027 714 id.
1056 669 1383 714 FischeruS.
1441 671 1522 715 Ed.
1551 675 1650 714 tert.
1679 670 1798 726 Lips.
1819 669 1949 713 1783.

369 740 417 788 8:
473 742 661 785 Summa
698 752 802 795 oum
844 739 1078 797 diligentia
1114 741 1156 782 F
1167 740 1185 783 i
1197 748 1249 783 sc
1260 741 1293 783 h
1306 755 1331 783 e
1342 755 1405 783 ru
1417 754 1437 783 s
1477 746 1678 784 versatus
1706 746 1773 784 est
1812 739 1859 783 in
1886 741 1953 783 le-

376 812 600 857 ctionibus
639 815 744 855 vett.
791 811 915 854 editt.
960 816 1005 854 et
1048 811 1252 854 codicum
1294 811 1520 855 enotandis
1564 817 1609 855 et
1647 811 1954 864 diiudicandis,

372 896 629 940 quanquam
670 882 765 925 eius
804 881 1023 926 iudicium
1060 881 1316 938 saepissime
1356 896 1384 926 a
1410 897 1516 925 vero
1554 884 1745 927 aberrat.
1799 882 1954 926 Nihilo

370 955 519 998 minus
558 953 627 997 vir
643 944 858 1008 *optimus
903 954 994 997 hac
1037 967 1126 997 una
1163 953 1355 996 editione
1391 954 1554 997 melius
1596 954 1651 996 de
1686 955 1872 997 Platone
1910 956 1955 995 et

310 1027 313 1029 ’
369 1024 553 1068 omnino
597 1023 651 1066 de
691 1014 859 1070 literisw
876 1022 1059 1067 Graecis
1085 1024 1271 1067 meritus
1300 1029 1365 1067 est
1377 1057 1390 1078 ‚
1446 1039 1583 1080 quam
1610 1025 1744 1067 multi
1783 1037 1954 1075 eorum,

372 1096 453 1151 qui
481 1095 638 1151 infami
665 1094 944 1140 conviciandi
972 1098 1016 1137 et
1044 1095 1345 1138 calumniandi
1369 1095 1549 1139 licentia
1575 1094 1648 1140 usi
1674 1095 1728 1138 de
1745 1095 1954 1140 laudibus

372 1165 465 1210 viri
492 1163 669 1224 egregii
698 1165 931 1209 detrahere
959 1164 1233 1209 studuerunt.
1452 1161 1454 1163 ¹

257 1237 537 1284 Platonis
567 1236 797 1294 dialogi
824 1242 971 1290 tres,
1013 1236 1277 1289 Phaedo‚
1316 1236 1613 1293 Sophista‚
1652 1237 1722 1280 Pr
1738 1239 1794 1279 ot
1810 1249 1957 1292 ago-

372 1323 435 1353 ra
449 1322 484 1351 s.
541 1307 805 1353 Emendavit
833 1311 877 1351 et
918 1307 1200 1351 annotatione
1228 1307 1436 1351 instruxit
1467 1309 1519 1351 L.
1549 1309 1625 1351 Fr.
1658 1307 1805 1350 Hein
1821 1306 1952 1348 dorf.

372 1378 577 1425 Bet-oliui
601 1377 728 1422 1810.
756 1377 800 1421 8.
857 1376 1007 1422 Editio
1029 1379 1160 1434 plane
1188 1377 1387 1435 egregia.
1446 1379 1556 1421 Erat
1582 1377 1703 1421 enim
1731 1376 1957 1420 Heindor-

371 1451 458 1495 lius
480 1447 654 1493 subacti
672 1448 744 1492 vir
764 1448 920 1492 iudicii
943 1454 987 1491 et
1016 1449 1333 1505 grammaticae
1365 1448 1612 1492 subtilioris
1650 1448 1835 1492 scientia
1868 1447 1955 1491 im-

374 1521 531 1578 primis
559 1520 813 1568 instructus.
884 1521 1056 1564 Rerum
1086 1524 1234 1564 tamen
1275 1520 1613 1577 explicationem
1641 1518 1818 1576 saepius
1857 1531 1954 1564 ma*

375 1592 447 1651 gis
475 1589 673 1651 neglexit
701 1605 835 1646 quam
864 1588 1015 1634 velles.

260 1661 432 1708 Plato
443 1662 502 1705 ni
517 1677 538 1705 s
578 1663 615 1705 P
627 1662 661 1703 h
673 1676 700 1705 a
714 1676 737 1704 e
750 1663 777 1704 d
792 1663 846 1714 o‚‘
885 1660 1145 1718 explanatus
1174 1664 1218 1705 et
1257 1661 1514 1706 emendatus
1554 1660 1883 1719 prolegomenis
1908 1664 1954 1704 et

370 1732 657 1778 annotatione
705 1732 746 1775 D
761 1747 838 1776 an.
888 1733 981 1789 W‘y
994 1735 1075 1775 tte
1087 1748 1115 1774 n
1126 1734 1156 1775 b
1169 1747 1195 1776 a
1206 1748 1229 1775 c
1240 1733 1337 1776 hii.
1380 1732 1524 1789 Lugd.
1575 1732 1675 1777 Bat.
1728 1731 1855 1778 1810.
1908 1731 1952 1775 8.

375 1805 644 1861 Quanquam
660 1802 807 1845 subito
828 1803 944 1846 facta
963 1808 1028 1846 est
1049 1804 1162 1846 hacc
1178 1803 1328 1860 editio,
1346 1807 1494 1846 tamen
1516 1817 1696 1860 prorsus
1714 1802 1853 1846 habet
1863 1803 1956 1845 elc-

371 1873 574 1932 gentiam
595 1877 638 1916 ct
657 1870 908 1916 ubertatem
942 1873 1167 1917 doctrinae
1190 1871 1632 1931 Wyttenbachianae.
1688 1873 1790 1929 Hoc
1815 1887 1955 1916 unum

373 1947 557 1989 sortasse
584 1958 718 2000 aegre
751 1944 869 1986 feras
882 1976 895 1997 ‚
925 1941 1043 1999 quod
1079 1943 1149 1987 vir
1181 1944 1498 1987 celeberrimus
1525 1942 1728 1987 criticam
1756 1945 1956 1988 muneris

369 2021 544 2073 partem
564 2015 736 2067 minus,
765 2027 899 2070 quam
917 2029 998 2071 par
1020 2020 1141 2068 erat,
1170 2014 1341 2060 curavit
1356 2048 1368 2069 ‚
1398 2027 1542 2071 neque
1562 2015 1610 2058 in
1637 2013 1955 2070 interpretandi

371 2086 544 2130 ratione
571 2089 617 2129 et
643 2086 776 2128 modo
797 2082 886 2129 sibi
911 2084 1018 2129 satis
1053 2085 1260 2132 constitit.
1330 2084 1539 2142 Repetita
1571 2089 1637 2130 est
1668 2085 1780 2128 haec
1815 2087 1952 2130 editio

368 2156 548 2213 LipsIao
578 2169 619 2199 a.
639 2152 779 2199 1825.
808 2155 872 2200 ita
885 2188 898 2209 ‚
942 2160 994 2198 ut
1026 2157 1330 2213 supplementa
1367 2155 1699 2214 wyttenbachii
1712 2188 1726 2209 ‚
1765 2170 1878 2213 quae
1906 2157 1954 2200 in

373 2226 507 2272 tertia
530 2230 654 2282 parte
671 2226 1019 2270 *Philomathiam
1049 2227 1281 2292 leguntur,
1320 2241 1400 2270 suo
1433 2241 1633 2283 quaeque
1659 2226 1759 2269 loco
1789 2215 1958 2272 inserta

373 2296 463 2340 sint
488 2302 533 2340 et
554 2296 644 2342 alia
659 2295 875 2342 nonnulla
894 2297 1184 2351 accesserint,
1227 2310 1340 2354 quae
1375 2297 1550 2352 merito⁴
1564 2297 1809 2342 desiderari
1831 2298 1954 2342 vide-

372 2367 551 2411 bantur.

259 2435 528 2482 Platonis
557 2434 700 2481 libri
728 2434 811 2481 lv.
841 2436 1099 2495 Gorgias
1114 2469 1127 2491 ,
1155 2436 1442 2495 Apologia
1470 2437 1745 2493 Socratis,
1775 2439 1951 2484 Char-

373 2508 450 2552 mi
467 2509 491 2550 d
508 2522 562 2551 es
575 2540 587 2560 ,
625 2508 703 2550 11·i
715 2524 740 2564 p
755 2508 812 2564 pi
826 2523 882 2552 as
917 2518 963 2551 m
976 2508 1025 2550 ai
1038 2522 1063 2550 o
1076 2522 1113 2550 r.
1182 2509 1448 2552 scholarum
1480 2508 1527 2552 in
1565 2518 1694 2551 usum
1728 2507 1865 2554 edidit
1897 2513 1949 2556 L.

373 2581 454 2623 He
471 2578 634 2621 indor
652 2579 782 2629 tius.
848 2578 1127 2622 praefixa
1165 2583 1251 2622 est
1287 2568 1604 2623 annotatio
1648 2579 1861 2625 critica
1887 2581 1902 2623 i
1921 2596 1949 2624 n

372 2651 408 2693 A
423 2650 549 2705 polo
562 2649 715 2705 giam
752 2649 784 2692 S
798 2663 824 2692 o
840 2663 863 2691 c
876 2663 936 2693 ra
954 2649 1041 2692 tis.
1109 2650 1259 2692 Berol.
1295 2648 1439 2693 1805..
1461 2650 1503 2694 8.
1575 2650 1812 2695 Annotatio
1849 2667 1949 2709 pcr-

234 2755 236 2758 ,
372 2719 537 2779 brevis-
1510 2734 1511 2737 ’
1670 2730 1674 2733 ’

258 2790 527 2836 Platonis
556 2788 922 2847 dialogorum
962 2788 990 2833 (l
1005 2791 1127 2833 elec
1144 2795 1249 2834 tus-
1304 2792 1446 2835 Pars
1481 2792 1517 2835 Ι.
1576 2791 1950 2848 Euthyphro,

371 2860 662 2917 Apologia
698 2861 927 2904 Socrati
943 2877 988 2915 s,
1033 2862 1208 2905 Crito.
1278 2863 1345 2905 Ex
1372 2862 1629 2906 recensione
1665 2866 1834 2906 etcum
1863 2865 1949 2907 La-

369 2931 466 2974 tina
484 2930 841 2986 interpretatione
868 2933 954 2977 Fr.
977 2933 1029 2976 A.
1064 2933 1118 2976 W
1131 2932 1236 2976 olfi
1248 2931 1278 2976 i.
1344 2933 1397 2977 In
1434 2947 1563 2976 usum
1586 2932 1947 2990 praelectionum.

368 3001 566 3045 Berolin.
598 3001 723 3043 1812.
753 3000 795 3046 4.
825 3004 934 3046 min.

240 3070 292 3118 'P
303 3073 320 3116 l
332 3086 360 3117 a
375 3078 427 3118 to
441 3087 469 3114 n
486 3072 534 3114 is
562 3073 601 3114 D
616 3071 701 3115 ial
719 3086 744 3114 o
757 3071 815 3128 gi
854 3073 926 3115 lv.
984 3074 1119 3117 Meno
1131 3107 1144 3128 ‚
1172 3073 1294 3117 Crito
1311 3105 1323 3126 ‚
1351 3072 1603 3117 Alcibiades
1640 3076 1827 3129 uterque
1846 3088 1949 3118 cum

369 3143 652 3186 annotatione
673 3143 829 3185 critica
848 3147 891 3186 et
913 3145 1153 3201 exegetica.
1212 3144 1292 3187 Ed.
1308 3143 1380 3187 IV.
1420 3143 1603 3187 Curavit
1631 3143 1872 3201 Philipp
1885 3159 1948 3188 us

367 3214 406 3256 B
419 3218 477 3256 ut
493 3219 563 3255 tm
574 3228 605 3275 ’a
618 3228 645 3255 n
657 3229 687 3274 »n
700 3227 727 3255 u
743 3229 777 3261 s.
835 3214 983 3257 Berol.
1003 3215 1128 3257 1822.
1159 3215 1201 3258 8.

253 3282 442 3336 Crito,
491 3284 716 3326 Laches
756 3287 810 3326 et
854 3285 1157 3340 particula
1198 3282 1530 3341 Apologiae
1581 3283 1851 3328 Socratis
1892 3288 1948 3329 et

365 3355 482 3398 Pha
494 3354 553 3396 ed
568 3355 691 3398 onis
731 3355 945 3411 leguntur
981 3355 1147 3407 etiam,
1187 3353 1644 3401 animadversionibus
1674 3354 1835 3400 additis
1850 3386 1864 3408 ‚
1894 3355 1942 3399 in
