2040 3646
307 168 377 229 16
891 163 894 167 ’
930 151 1356 218 'PRAEFATm

305 299 474 343 tionem
506 297 738 341 habebunt
787 306 915 342 snam
956 306 1076 355 'quae
1116 300 1195 355 per
1230 299 1424 356 reliquas
1454 300 1561 344 libri
1583 299 1730 358 partes
1748 301 1816 345 'de
1837 305 1990 354 anim-e

306 372 592 413 disseruntur.
650 368 821 411 Deinde
849 369 1001 425 imago
1039 370 1120 413 illa
1148 371 1236 414 viri
1268 371 1506 427 sapientis,
1543 386 1681 428 quam
1709 372 1758 415 in
1793 374 1991 416 oratione

305 439 549 484 Alcibiadis
576 440 886 483 adumbratam
924 439 1058 495 dicit,
1099 436 1318 484 eiusmodi
1343 443 1436 494 est,
1465 446 1516 484 ut
1548 442 1717 486 nemini
1742 452 1832 486 non
1851 444 1994 487 videri

305 510 465 554 debeat
485 509 615 554 valde
634 510 893 566 imperfecta
913 525 1008 554 esse
1026 526 1168 567 neque
1180 512 1237 555 ad
1257 511 1499 569 sapientiae
1519 513 1709 556 formam
1722 528 1774 557 ac
1784 499 1992 570 speciem,

303 582 484 638 qualem
496 583 626 626 Plato
644 582 927 626 informatam
944 584 1122 627 tenebat
1142 584 1306 645 animo,
1317 573 1556 639 diligenter
1572 597 1789 639 expressa.
1819 585 1997 641 Quippe

304 663 458 695 omnes
485 653 608 695 illius
626 659 774 710 partes
799 654 855 696 ad
878 655 1019 698 solam
1041 655 1135 697 fere
1164 650 1471 714 σωφροσύνην
1501 655 1777 708 resen-uatum
1804 656 1994 700 aliarum

302 723 544 777 virtutum,
574 739 683 780 quas
717 725 1010 781 philosophus
1038 725 1086 768 in
1120 726 1293 782 agendo
1324 723 1450 781 sequi
1474 724 1627 784 debet,
1655 726 1783 769 nulla
1804 727 1995 769 habetur

302 795 433 839 ratios
516 795 720 852 Denique
758 794 799 839 si
827 803 984 840 verum
1010 801 1148 850 esset,
1188 797 1306 852 quod
1338 786 1508 852 putaiii
1538 796 1994 852 Schleiermacherus3-

303 865 495 924 ‘proponi
518 866 564 909 in
593 866 681 910 hoe
714 867 834 910 libro
868 868 1092 923 exemplar
1123 867 1212 911 viri
1244 868 1480 924 sapientis,
1522 869 1581 911 ab
1620 867 1718 924 ipsa
1745 867 1838 911 vita
1864 874 2001 924 atquo

302 939 478 982 actione
506 937 710 995 ductum,
765 939 889 981 nullo
916 940 1047 981 modo
1074 944 1219 996 posset
1248 938 1483 995 explicari,
1530 939 1607 994 qui
1633 940 1736 992 fiat,
1775 943 1824 982 ut
1854 938 1997 982 onmis

303 1009 542 1066 disputatio
568 1010 622 1052 de
643 1023 794 1052 amore
827 1009 1095 1053 instituatur.
1154 1010 1266 1054 Nam
1290 1011 1406 1066 quod
1441 1011 1569 1053 docet
1598 1011 1892 1068 philosophus
1927 1017 1998 1053 sak·

300 1081 462 1138 pientis
485 1080 684 1124 animum
715 1080 935 1124 intentum
965 1086 1010 1124 'et
1034 1088 1293 1124 conversum
1322 1095 1417 1124 esse
1454 1083 1614 1125 debere
1643 1082 1699 1124 ad
1727 1081 1872 1124 ideam
1898 1081 1998 1137 pul-

305 1151 536 1195 critudinis
571 1152 753 1207 eiusque
785 1152 1221 1209 contemplationem,
1259 1152 1348 1195 hoc
1382 1167 1470 1196 non
1506 1167 1603 1196 eam
1640 1152 1778 1196 habet
1803 1152 1918 1204 vim,
1947 1155 1999 1195 ut

294 1223 544 1279 sapientiae
580 1223 721 1266 omnis
759 1229 917 1267 natura
961 1223 1237 1278 declaretur,
1286 1223 1364 1266 sed
1394 1224 1541 1279 potius
1573 1224 1740 1266 indicat
1777 1225 1999 1265 summum

301 1295 467 1338 amoris
495 1294 621 1350 quasi
641 1292 902 1351 fastigium-3
933 1292 988 1337 ad
1010 1295 1127 1350 quod
1154 1294 1476 1337 escendendum
1507 1294 1562 1338 sit
1591 1295 1659 1347 ei,
1690 1294 1767 1350 qui
1787 1293 1998 1349 consequi

301 1366 411 1409 velit
446 1366 625 1409 laudem
662 1365 756 1408 veri
790 1364 1085 1421 sapientisque
1118 1366 1341 1408 amatoris.
1414 1365 1502 1409 Sed
1532 1366 1635 1407 nolo
1663 1365 1828 1408 diutius
1854 1365 1900 1407 in
1923 1371 2000 1407 οἰέ-

301 1436 515 1494 ponendis
545 1437 627 1490 iis,
658 1438 770 1493 quae
792 1442 948 1480 'contra
970 1437 1373 1480 Schleiermacheri
1406 1437 1670 1480 sententiam
1698 1435 1868 1479 moneri
1897 1444 2000 1492 pos-¹

301 1508 418 1560 sinti
446 1507 643 1562 inarari,
674 1521 811 1565 quum
836 1521 861 1550 e
887 1509 1190 1565 superioribus
1210 1511 1372 1565 pateat,
1402 1508 1618 1564 quatenus
1644 1510 1701 1550 ab
1725 1519 1778 1550 ea
1791 1508 1998 1550 recedens

303 1579 409 1623 ilum
443 1581 728 1624 arbitremur.
795 1580 983 1623 Restant
1004 1579 1120 1635 alia,
1149 1580 1204 1622 dc
1232 1580 1393 1636 quibus
1412 1580 1680 1623 monendum
1704 1578 1774 1622 sit.

473 1650 859 1707 Quemadmodum
893 1650 1012 1693 enim
1043 1665 1261 1707 negamus
1300 1648 1612 1708 argumentum
1644 1649 1868 1708 Symposii
1895 1649 1997 1692 cum

300 1721 595 1779 disputatione
607 1723 652 1765 in
666 1722 874 1778 Sophiste,
883 1727 926 1764 et
934 1721 1126 1765 Politice
1135 1723 1337 1766 instituta
1347 1722 1600 1775 cohaerere,
1613 1723 1678 1765 ita
1689 1722 1802 1764 illud
1814 1735 1915 1764 cum
1927 1720 1998 1774 iis,

301 1807 417 1850 quae
436 1793 483 1835 in
496 1794 702 1836 Phaedro
722 1793 900 1850 dialogo
915 1791 1205 1846 disseruntur,
1223 1792 1466 1837 maximam
1476 1794 1645 1836 habere
1661 1792 1998 1836 similitudinem

298 1867 344 1906 et
361 1864 671 1921 cognationem
694 1869 787 1908 tani
808 1869 978 1908 certum
1001 1864 1298 1919 arbitramur,
1325 1870 1375 1908 ut
1399 1864 1476 1921 qni
1498 1864 1611 1907 iuml
1630 1874 1796 1922 negare
1819 1863 1996 1915 audeas

298 1936 500 1980 futurum
522 1944 617 1978 esse
638 1937 864 1993 speremus
886 1936 1122 1978 neminem.
1181 1936 1564 1992 Quemadmodum
1586 1934 1705 1979 enim
1728 1936 1777 1979 in
1809 1935 1998 1992 Sympo-

297 2006 389 2060 sio,
420 2007 483 2049 sie
506 2006 614 2050 item
632 2007 678 2049 in
702 2008 906 2050 Phaedro
932 2007 986 2049 de
1019 2006 1184 2050 amoris
1211 2013 1370 2050 natura
1402 2006 1671 2063 disputaturi
1711 2011 1756 2050 et
1784 2005 1915 2049 sicuti
1947 2004 1995 2048 in

296 2077 386 2120 hoc
405 2078 521 2121 libro
538 2078 838 2134 sophistarum
858 2084 901 2122 et
923 2079 1154 2138 rhetorum
1171 2083 1287 2122 artes
1313 2078 1360 2121 in
1382 2078 1686 2135 praedicandis
1712 2077 1879 2122 amoris
1896 2077 1997 2119 lau-'-

297 2149 429 2192 dibus
454 2154 662 2193 notantur
682 2164 735 2194 ac
756 2150 978 2203 ridentur,
1007 2150 1072 2192 sic
1092 2149 1138 2192 in
1162 2151 1243 2193 illo
1262 2149 1443 2207 dialogo
1467 2161 1621 2193 severa
1642 2146 1792 2207 agitur
1808 2160 1995 2196 censura

297 2221 513 2264 orationis
534 2221 748 2275 eroticae,
777 2234 912 2278 quam
933 2221 1167 2265 Phaedrus
1189 2236 1236 2264 se
1258 2234 1286 2265 a
1304 2221 1440 2277 Lysia
1463 2221 1686 2278 accepisse
1710 2224 1879 2263 narrat.
1909 2218 1996 2262 Ac·-

296 2292 413 2335 cedit
433 2293 550 2348 quod
569 2292 800 2348 utriusque
818 2292 924 2335 libri
947 2304 1120 2350 summa
1137 2298 1202 2336 est
1227 2292 1474 2335 similitudo
1503 2293 1648 2348 quoad
1678 2291 1869 2334 formam
1891 2289 1996 2347 dra(-

296 2363 532 2409 maticam:
562 2363 718 2406 licebit
752 2363 872 2406 enim
898 2351 1132 2407 brevitatis
1166 2363 1313 2421 gratia
1347 2363 1411 2405 sic
1442 2363 1583 2418 loqui.
1641 2364 1768 2419 Quae
1788 2360 1936 2404 omnia
1956 2358 1997 2403 si

295 2434 398 2490 quis
424 2435 663 2491 diligenter
681 2435 798 2478 inter
818 2449 865 2477 se
887 2435 1221 2491 comparaverit,-
1243 2434 1282 2478 is
1305 2435 1512 2478 dubitare
1531 2442 1619 2477 non
1649 2433 1811 2490 poterit
1841 2445 1996 2474 veram

296 2518 397 2548 esse
417 2519 572 2548 eorum
587 2506 852 2549 sententiam
867 2538 880 2558 ,
923 2506 1002 2561 qui
1029 2511 1267 2561 utrumque
1290 2506 1523 2562 dialogum
1554 2510 1752 2560 tempore
1773 2516 1860 2546 non
1878 2503 1998 2545 mul-'-

295 2579 393 2619 tum
417 2578 589 2622 diverso
610 2564 825 2633 seriptum
862 2587 958 2619 esse
990 2577 1256 2621 iudicarunt.
1314 2578 1382 2619 De
1403 2589 1491 2632 qua
1508 2590 1557 2618 re
1577 2575 1790 2632 quoniam
1808 2574 1885 2618 hic
1907 2573 1997 2617 noxi

295 2652 363 2693 est
382 2648 557 2691 dicendi
577 2649 700 2690 locus
715 2680 728 2701 ‚
759 2647 869 2691 alias
889 2648 1113 2704 disputare
1133 2645 1453 2692 constituimus.

466 2719 566 2773 Quo
596 2723 794 2776 tempore
823 2720 972 2762 autem
1001 2720 1215 2776 scriptum
1245 2720 1302 2763 sit
1331 2716 1642 2776 symposium,
1670 2716 1847 2762 deliniri
1874 2717 1995 2760 certo'

293 2790 380 2832 non
407 2793 564 2845 potest.
624 2791 725 2833 Hoc
747 2805 886 2834 unum
905 2805 958 2833 ex
988 2791 1089 2834 loco
1109 2802 1152 2847 p.
1177 2787 1276 2835 193.
1298 2791 1350 2834 A.
1381 2790 1673 2847 intelligitur,
1701 2790 1870 2842 librum
1894 2791 1994 2844 post

294 2874 460 2904 anuum
487 2859 586 2903 385.
610 2875 650 2903 a.
674 2862 780 2906 Chr.
811 2873 855 2904 n.
887 2876 920 2904 S.
941 2861 1119 2919 olymp.
1143 2862 1340 2905 XCVIII.
1363 2860 1406 2907 3.
1434 2858 1482 2905 in
1509 2859 1672 2918 Vulgus
1691 2860 1861 2904 editum
1884 2868 2017 2902 casea

294 2932 409 2976 Nam
434 2933 552 2988 quod
575 2932 655 2975 alii
679 2932 982 2976 demonstrare
1012 2934 1241 2989 praeterea
1271 2932 1417 2976 conati
1445 2938 1547 2976 sunt
1576 2932 1776 2976 Platonis
1806 2933 1995 2988 Sympo:

293 3001 413 3045 tium
437 3002 660 3046 recentius
687 3018 785 3046 esse
809 3005 1155 3061 Xenophonteo,
1187 3004 1360 3047 scilicet
1383 3008 1435 3047 ut
1467 2993 1686 3048 haberent
1709 3017 1796 3058 quo
1823 2999 1996 3058 opinioss

292 3085 398 3115 nem
419 3087 545 3117 suam
565 3075 618 3116 de
635 3074 873 3127 simultate,
905 3089 1018 3131 quae
1034 3075 1211 3119 Platoni
1226 3076 1641 3131 cum’Xenophonte
1660 3071 1993 3122 intercessisse&

293 3143 605 3196 defenderent3
634 3154 687 3189 e'a
708 3146 923 3189 sententia
942 3157 1076 3202 quam
1107 3147 1277 3190 ineerta
1299 3147 1379 3202 sit,
1410 3148 1480 3189 v'el
1513 3147 1670 3188 'exinde
1695 3141 1993 3201 cognoscitur,-

292 3215 411 3270 quod
433 3216 512 3258 alii
532 3216 818 3270 exstiterunt,
849 3217 925 3272 qui
948 3217 1253 3273 Xenophontis
1274 3216 1443 3261 librum
1463 3214 1694 3261 Platonico
1719 3228 1814 3258 esse
1840 3215 1994 3272 recenss'

290 3283 450 3327 'tiorem
461 3286 733 3343 argiunentis
755 3302 842 3330 non
857 3288 1004 3331 minus
1032 3288 1204 3331 idoneis
1234 3289 1538 3331 demonstrare
1563 3290 1846 3331 conarentur.
1904 3276 1992 3326 Sed

291 3356 374 3401 etsi
392 3358 591 3413 quaestio
610 3359 707 3414 illa,
735 3359 937 3407 Platonis
958 3373 1014 3407 an
1037 3359 1341 3417 Xenophontis
1364 3358 1651 3420 Symposium
1668 3357 1792 3416 prius
1821 3355 1869 3401 in
1897 3352 1994 3398 vul*
