2040 3646
640 182 737 234 AD
771 181 1204 246 SYMPOSIUM.
1463 136 1466 138 '
1697 187 1763 242 11

84 315 277 372 prodidit
297 315 439 360 malos
463 329 664 361 rumores
684 317 738 360 de
756 317 950 362 Socratis
967 316 1259 373 temperantia
1279 315 1489 370 Athenis,
1517 316 1624 360 dum
1642 314 1765 360 vive-

81 393 175 440 ret,
202 402 405 431 manasse
421 393 496 430 aut
519 393 672 444 postea
694 402 789 431 esse
808 389 1024 445 dispersos
1033 389 1087 445 *).
1145 388 1300 443 Itaque
1324 402 1412 430 non
1439 388 1539 431 ideo
1560 392 1765 444 putamus

81 458 313 502 Platonem
333 459 387 501 de
406 458 598 501 Socratis
610 460 898 515 temperantia
917 464 960 502 et
972 459 1305 502 moderatione·
1291 474 1337 502 m
1348 460 1435 501 hoc
1451 459 1568 502 libro
1583 459 1763 514 dixisse,

82 533 133 572 ut
154 544 261 573 eum
274 531 330 572 ab
348 529 504 585 iniqua
529 535 574 573 et
600 530 765 574 iniusta
787 530 1069 586 turpitudinis
1102 531 1313 573 liberaret
1342 530 1612 585 suspicione,
1651 545 1767 586 quae

80 613 240 647 revera
265 602 390 654 nulla
406 615 601 656 unquam
621 601 727 652 fuit‚·
758 603 833 644 sed
853 608 1086 658 propterea
1100 615 1202 643 eum
1223 601 1394 643 induxit
1413 599 1504 643 illis
1525 602 1766 646 virtutihus

80 670 332 728 praeditum
371 676 414 714 et
448 678 682 725 ornatum,
741 678 791 716 ut
831 672 1018 714 haberet
1046 686 1074 714 a
1110 686 1196 727 quo
1228 672 1408 714 duceret
1444 686 1598 714 earum
1638 672 1766 728 quasi

84 741 332 796 exemplar,
374 757 459 797 quo
491 744 665 786 facilius
690 750 1029 800 cognosceretur
1051 743 1108 784 ab
1130 743 1359 795 omnibus,
1401 747 1612 796 quantum
1639 757 1765 786 amor

81 811 177 858 veri
204 812 455 869 philosophi
481 813 664 856 distaret
684 815 741 856 ab
765 814 844 855 illo
873 827 1045 865 amore,
1084 813 1157 855 cui
1183 813 1387 855 homines
1421 826 1449 854 a
1481 812 1767 870 philosophia

83 880 220 935 alieni
240 883 532 940 indulgerent.
589 884 741 938 Neque
766 885 962 940 profecto
985 884 1151 942 mirum
1174 884 1313 926 videri
1332 887 1500 939 potest,
1543 885 1659 939 quod
1682 876 1768 928 8οᾸ

85 959 250 1012 cratem
270 956 489 1009 perfectae
507 958 550 996 et
574 955 778 996 omnibus
798 954 993 996 numeris
1013 955 1244 997 absolutae
1268 953 1581 1010 temperantiae
1601 969 1652 997 ac
1669 971 1769 999 mo·-

86 1024 324 1078 derationis
356 1025 598 1081 imaginem
630 1024 884 1080 proposuit,
932 1039 1064 1079 quem
1085 1029 1207 1068 tanta
1228 1030 1480 1083 persecutus
1503 1030 1570 1068 est
1591 1026 1768 1082 pietate,

85 1099 136 1136 ut
159 1109 261 1137 eum
283 1096 330 1152 in
353 1096 482 1157 libris
504 1096 595 1141 suis
615 1096 817 1151 omnibus
838 1096 992 1138 feeerit
1021 1095 1226 1140 omnibus
1255 1095 1434 1138 virtutis
1457 1109 1510 1138 ac
1529 1097 1771 1152 sapientiae

84 1166 212 1209 bonis
233 1173 451 1210 ornatum.

62 1234 65 1238 ’
99 1223 105 1230 ’
251 1239 497 1281 Exhibetur
524 1242 671 1290 autem
701 1238 784 1280 illa
811 1237 1004 1280 Socratis
1030 1236 1180 1294 imago
1207 1251 1342 1293 quum
1375 1252 1454 1293 per
1483 1252 1633 1280 omnes
1661 1239 1770 1282 libri

86 1312 258 1364 partes,
299 1308 412 1351 utin
435 1324 520 1364 quo
542 1310 620 1352 ille
649 1309 764 1351 nihil
791 1300 923 1351 saciat
953 1313 1030 1351 aut
1059 1308 1198 1361 dicat,
1239 1308 1359 1363 quod<
1388 1323 1415 1351 a
1443 1308 1530 1351 viri
1561 1310 1769 1365 sapientis

87 1379 304 1436 dignitate
327 1380 520 1422 alienum
541 1381 622 1434 sit,
652 1386 747 1424 tum
767 1379 958 1422 maxime
985 1379 1031 1421 in
1061 1378 1263 1422 oratione,
1284 1379 1553 1432 Alcibiadis,
1603 1380 1649 1421 in
1673 1395 1771 1435 qua

87 1450 258 1502 omnia,
287 1465 399 1505 quae
422 1453 477 1493 ad
512 1454 751 1508 perfectam
782 1451 1031 1492 referuntur
1057 1450 1382 1507 fortitudinem,
1422 1450 1772 1498 moderationem

88 1535 141 1575 ac
167 1522 528 1578 temperantiam,
558 1523 697 1565 veluti
718 1522 774 1564 ad
796 1521 946 1564 vivum
967 1535 1169 1576 expressa
1192 1525 1442 1563 cernuntur.
1501 1522 1627 1564 Facit
1652 1523 1772 1566 enim

90 1592 130 1641 is
161 1593 390 1636 Socratem
411 1608 533 1646 eum,
564 1594 640 1649 qni
660 1608 797 1648 quum
820 1599 997 1634 externa
1021 1592 1166 1647 specie
1189 1591 1345 1648 Satyro
1377 1596 1453 1634 aut
1470 1592 1620 1634 Sileno
1648 1593 1774 1636 simi-

88 1663 145 1706 lis
179 1663 257 1718 sit,
310 1669 458 1707 tamen
482 1664 600 1706 intus
629 1664 676 1706 in
704 1678 750 1705 se
777 1663 1050 1705 reconditam
1079 1663 1242 1705 habeat
1273 1677 1490 1704 summam
1515 1664 1774 1718 pulcritudi-

90 1749 217 1788 ncm3
248 1735 324 1790 qui
346 1735 598 1790 eloquentia
622 1739 665 1777 et
686 1734 907 1777 rationum
941 1734 986 1775 vi
1007 1749 1059 1777 ac
1090 1734 1279 1789 pondere
1308 1748 1458 1775 omnes
1496 1733 1642 1776 vincat
1673 1749 1774 1778 ora-

89 1810 232 1859 tores,
260 1807 456 1861 adeoque
476 1806 619 1861 ipsum
639 1806 693 1848 ad
716 1805 785 1847 sui
804 1804 1101 1860 cognitionem
1126 1804 1439 1856 commover1t3
1481 1804 1557 1859 qui
1579 1806 1772 1859 divitias,

94 1892 220 1933 opes,
253 1891 452 1932 quaeque
472 1867 563 1919 alia
585 1877 788 1918 homines
810 1876 963 1931 magni
985 1876 1169 1929 faciant,
1211 1879 1478 1927 contemnat3
1522 1871 1596 1929 qui
1616 1890 1642 1917 a
1659 1878 1776 1925 mol-

87 1948 186 2001 litie
205 1948 437 1989 hominum
458 1947 812 1989 effeminatorum
833 1952 1001 1988 tantum
1019 1947 1164 1999 absit,
1201 1951 1250 1988 ut
1279 1960 1334 1987 ne
1364 1945 1566 1988 maximis
1598 1947 1775 2001 quidem

89 2020 364 2074 voluptatum
388 2018 611 2069 illecebris
628 2032 823 2073 unquam
849 2017 966 2058 vinci
987 2016 1203 2073 potuerit3
1235 2017 1312 2071 qui
1334 2022 1454 2059 tanta
1473 2017 1529 2058 sit
1551 2017 1776 2071 patientia,

93 2095 216 2133 tanta
239 2090 484 2132 constantia
505 2094 548 2131 et
570 2089 847 2140 fortitudine,
890 2093 938 2130 ut
961 2103 1102 2143 neque
1121 2087 1311 2143 frigor,e
1349 2102 1490 2142 neque
1521 2088 1661 2140 fame,
1699 2090 1777 2131 de·-

92 2161 227 2217 nique
254 2162 378 2203 nullo
414 2162 569 2202 labore
599 2164 673 2202 aut
704 2159 901 2216 periculo
939 2158 1232 2210 commoveri,
1273 2158 1494 2200 debilitari
1525 2164 1600 2200 aut
1628 2120 1776 2216 frangi

91 2220 257 2283 soleat3
306 2231 383 2287 qui
412 2231 521 2283 adeo
550 2229 746 2272 animum
773 2245 800 2272 a
830 2232 986 2283 rebus,
1032 2243 1145 2285 quae
1175 2243 1326 2271 sensus
1352 2229 1540 2270 iucunde
1563 2230 1634 2270 vel
1658 2230 1777 2272 iniu-

92 2303 234 2355 cunde
268 2302 487 2354 afficiunt,
526 2314 698 2343 summa
721 2301 885 2343 virium
911 2300 1188 2343 contentione
1210 2314 1393 2342 avocare
1416 2300 1687 2343 consueverit
1710 2304 1779 2343 at-

91 2388 180 2429 que
198 2373 393 2430 dirigere
419 2372 473 2414 ad
497 2372 831 2427 contemplanda
849 2385 926 2424 ea,
956 2386 1069 2427 quae
1095 2372 1264 2413 nullam
1286 2371 1481 2413 habeant
1504 2384 1604 2411 cum
1625 2385 1782 2427 corpo-

92 2437 156 2487 ris
181 2442 480 2498 voluptatibus
513 2442 879 2484 necessitudinem
916 2448 958 2484 et
984 2441 1349 2485 coniunctionem.
1407 2440 1494 2482 Sed
1532 2441 1636 2495 quid
1667 2442 1781 2484 haec

99 2515 276 2571 singula
301 2527 623 2565 commemoro,
653 2528 754 2555 cum
775 2512 916 2567 quivis
937 2512 1063 2555 illam
1087 2517 1255 2567 partem
1284 2511 1391 2553 libri
1419 2510 1781 2555 iucundissimam

94 2593 227 2642 atque
245 2583 552 2638 suavissimam
576 2584 670 2639 ipse
691 2589 822 2639 queat
847 2584 979 2626 facile
1000 2584 1268 2639 perlustrare
1289 2588 1419 2637 atque
1443 2582 1534 2623 suis
1563 2582 1653 2637 ipse
1676 2598 1783 2626 ocu-

92 2657 151 2702 lis
182 2653 347 2707 intueri
376 2654 722 2711 pulcherrimttm
752 2654 880 2698 illam
909 2654 1124 2699 virtutum
1147 2658 1275 2698 antea
1301 2658 1647 2706 memoratarum
1668 2653 1782 2698 ima-

96 2725 279 2783 ginem‘}

154 3022 194 3076 ⁸)
223 3021 336 3064 Nam
363 3035 477 3077 quae
502 3022 640 3065 habet
658 3021 937 3079 Porphyrius
960 3022 1076 3077 apud
1101 3021 1369 3067 Theodoret.
1393 3023 1471 3065 Gr.
1492 3022 1647 3066 Affect.
1675 3023 1780 3067 Cur.

239 3078 333 3125 Ser.
365 3079 405 3120 4.
429 3094 492 3134 pn.
525 3087 573 3121 et
605 3081 719 3135 apud
744 3080 900 3136 Cyn-iu.
928 3087 1081 3121 contra
1099 3079 1309 3135 Iulian'.p
1314 3080 1440 3123 .181).
1470 3081 1541 3131 D,
1572 3094 1625 3121 ea
1650 3079 1782 3121 fidem

240 3150 328 3177 non
358 3141 608 3190 merentur,
666 3152 801 3192 quum
833 3151 860 3178 e
901 3138 988 3177 ma’
994 3151 1017 3176 c
1052 3096 1309 3179 intellectisp
1324 3136 1522 3180 Platonis
1563 3142 1605 3178 et
1636 3136 1784 3177 Xeno-

240 3192 418 3247 phontis
453 3193 563 3233 locis
600 3194 820 3250 orirrinem
854 3193 1071 3235 duxerint.
1139 3193 1291 3247 Neque
1321 3193 1553 3248 quisquam
1585 3193 1674 3233 huc
1712 3207 1784 3233 re-

239 3250 351 3290 ferat
381 3249 566 3291 Luciani
599 3250 718 3293 iocos
745 3251 792 3292 ih
823 3250 1058 3292 Amoribus
1096 3264 1135 3291 c.
1162 3249 1232 3291 24.
1263 3250 1319 3292 T.
1345 3251 1405 3292 11.
1439 3266 1480 3304 p.
1501 3248 1598 3290 424.
1657 3249 1784 3290 Adde

240 3305 431 3348 Maximi
457 3306 569 3361 Tyr.
589 3307 706 3358 Diss.
739 3307 871 3349 XXV.
909 3306 1065 3349 xxvl.
1103 3307 1283 3349 xxvn.
1323 3306 1370 3348 in
1396 3306 1560 3372 quibus
1585 3313 1786 3350 veterum

243 3360 571 3417 crimina-tione·
590 3356 800 3409 adversus
818 3365 1047 3416 Socratem
1067 3364 1261 3420 prolatas
1283 3362 1504 3408 renitaris..
