2040 3646
281 165 416 212 ml

280 319 374 364 que
393 306 512 362 patet
533 299 588 344 de
603 298 696 343 illis
719 298 898 366 quidem
914 313 1002 346 non
1021 302 1194 357 omnia,
1221 316 1336 359 quae
1357 302 1672 360 disputavimus
1684 337 1698 360 ‚
1734 319 1864 364 posse
1898 306 1968 351 in-

276 390 458 447 telligi,
486 384 840 443 quandoquidem
872 385 1044 429 minore
1073 392 1169 430 arte
1217 401 1351 444 quam
1383 389 1520 432 ceteri
1534 384 1778 447 ‘compositi
1801 397 1846 435 et
1874 392 1967 435 ela-

283 474 431 522 borati
449 476 577 524 sunt,
605 469 802 525 adeoque
823 469 878 513 ad
902 469 1228 526 simplicitatem
1257 472 1470 516 sermonis
1495 473 1710 520 Socratici
1737 491 1872 532 prope
1890 491 1964 534 ac·-

281 561 458 605 eedunt.
518 557 633 601 Sunt
651 569 759 598 vero
783 554 919 598 etiam
939 554 1019 598 alii
1043 555 1175 609 libri,
1215 556 1293 611 qui
1318 557 1402 601 etsi
1434 571 1462 601 a
1483 560 1668 604 Platone
1691 562 1964 617 provectiore

272 649 424 690 aetate
445 638 601 698 scripti
621 644 741 691 sunt,
794 644 940 684 tamen
966 638 1114 682 minus
1145 641 1313 685 habent
1325 625 1493 698 'poetici
1513 645 1783 698 ornamenti,
1830 645 1963 701 idque

235 766 239 768 ,
270 735 538 788 propterea,
567 725 683 782 quod
698 724 1035 782 dialogiforma
1061 726 1298 770 subtilitati
1323 727 1654 787 disputationis,
1694 744 1807 787 quae
1833 730 1880 772 in
1905 730 1963 773 iis

271 815 500 866 oen-nitur,
544 811 691 855 minus
727 815 794 855 est
821 817 1112 854 consentanea
1146 817 1190 855 et
1216 813 1558 857 accommodata.
1616 815 1840 870 Quorsum
1860 828 1963 872 per-

266 902 417 947 tinent
441 898 739 949 Theaetetus,
781 894 1010 953 Sophista‚
1040 895 1279 950 Politicus‚
1308 898 1618 952 Parmenides,
1646 899 1883 953 Philebus,
1911 900 1960 943 in

266 986 436 1045 quibus
460 981 590 1027 libris
612 980 816 1026 omnibus
838 993 975 1035 quum
1010 980 1066 1023 de
1099 983 1233 1025 rebus
1265 983 1566 1027 subtilissimis
1593 989 1771 1040 agatur,
1807 984 1958 1027 minus

265 1077 341 1118 est
374 1067 563 1116 actionis
620 1079 755 1129 quam
799 1063 1133 1121 disputationis,
1189 1065 1253 1110 ita
1283 1072 1334 1110 ut
1361 1068 1418 1111 ad
1450 1068 1644 1112 aliorum
1668 1074 1956 1122 venustatem,

265 1154 637 1217 pulcritudinem,
678 1153 885 1194 ornatum
912 1149 986 1193 vix
1015 1150 1186 1207 possint
1214 1152 1475 1208 comparari.
1532 1155 1796 1210 Quanquam
1825 1169 1882 1197 ne
1908 1155 1957 1197 in

263 1245 340 1288 his
374 1241 555 1301 quidem
585 1235 723 1280 divini
748 1233 920 1292 ingenii
948 1235 1193 1278 sollertiam
1222 1236 1440 1280 desideres
1454 1270 1467 1291 ,
1526 1239 1600 1282 cui
1628 1239 1744 1282 nihil
1773 1245 1840 1282 est
1862 1246 1955 1283 tam

258 1328 525 1379 horridum,
580 1327 674 1367 tam
692 1321 944 1377 spinosum,
1000 1325 1092 1364 tam
1118 1320 1337 1366 incultum
1352 1354 1366 1376 ,
1422 1324 1540 1380 quod
1565 1339 1652 1368 non
1679 1324 1954 1381 splendescat

262 1414 465 1461 *oratioue
485 1414 533 1454 et
554 1413 763 1463 tanquam
785 1405 1023 1448 excolatur.

433 1497 491 1542 Et
522 1495 636 1537 haec
664 1492 844 1548 quidem
871 1491 926 1533 de
954 1490 1098 1533 forma
1126 1490 1298 1548 dialogi
1325 1493 1545 1536 Platonici
1574 1498 1707 1551 atque
1733 1482 1952 1538 disseren-

256 1585 313 1628 =di
337 1582 511 1627 ratione
536 1579 585 1623 in
612 1592 666 1622 eo
693 1581 919 1634 regnante.
979 1576 1106 1630 Quae
1146 1575 1184 1619 si
1211 1581 1331 1620 recte
1371 1577 1709 1634 disputavimus,
1750 1595 1838 1623 non
1867 1582 1950 1624 ob,-

263 1682 445 1715 scurum
473 1670 554 1722 est,
596 1663 704 1719 quid
739 1663 886 1706 facere
919 1666 1119 1717 oporteat
1147 1676 1271 1714 eum,
1310 1662 1389 1718 qui
1427 1664 1625 1707 Platonis
1661 1665 1802 1708 libros
1828 1671 1949 1709 recte

259 1753 520 1810 intelligere>
543 1749 663 1792 velit.
719 1746 836 1792 Nam
850 1745 996 1801 primo
1027 1760 1179 1789 rerum
1209 1752 1514 1801 externarum,
1544 1750 1601 1794 ad
1629 1764 1739 1806 quas
1765 1751 1950 1808 respici-

254 1845 360 1893 tur,
400 1834 696 1892 comparanda
735 1831 895 1875 notitia
934 1835 1014 1874 est.
1081 1832 1197 1876 Nam
1232 1846 1370 1889 quum
1415 1848 1703 1890 personarum
1751 1836 1947 1890 habitus,

253 1938 390 1974 ⁴scena
411 1919 605 1977 dialogi,
633 1918 738 1971 alia,
761 1931 876 1973 quae
899 1917 956 1961 ad
976 1921 1181 1960 ornatum
1210 1918 1442 1974 pertinent,
1477 1919 1783 1975 disputationis
1809 1935 1946 1978 argu-

248 2015 406 2056 mento
426 2004 758 2052 accommodate
775 2004 1022 2060 fingantur,
1051 2002 1183 2046 facile
1220 2008 1341 2060 patet
1372 2008 1473 2047 ante
1503 2004 1652 2048 omnia
1677 2005 1840 2051 harum
1870 2021 1944 2051 re·-

255 2111 360 2141 rum
395 2091 595 2138 omnium
635 2094 888 2133 accuratam
919 2087 1220 2144 cognitionem
1248 2089 1431 2145 requiri.
1458 2138 1462 2139 ⁷
1501 2090 1674 2140 Deinde
1700 2093 1943 2135 curandum

249 2183 343 2228 hoc
367 2183 456 2232 est,
483 2182 535 2221 ut
559 2175 809 2223 universam
836 2173 1141 2230 disputationis
1174 2174 1293 2217 viam
1324 2189 1498 2218 summa
1536 2176 1676 2220 animi
1702 2177 1942 2220 attentione

252 2277 569 2326 persequamur
591 2260 914 2318 diligenterque
945 2259 1371 2313 animadvertamus,
1398 2260 1516 2303 unde
1548 2274 1602 2304 ea
1620 2262 1941 2318 proficiscatur,

242 2367 341 2410 quo
363 2350 526 2401 tendat,
555 2357 767 2404 quorsum
787 2345 1015 2397 deflectat,
1045 2345 1102 2387 ad
1121 2359 1253 2400 quem
1275 2345 1407 2387 finem
1429 2346 1593 2390 redeat.
1652 2347 1752 2401 Quo
1777 2346 1867 2400 liet,
1889 2352 1941 2391 ut

248 2435 441 2491 denique
483 2446 704 2476 summam
735 2430 869 2475 totius
897 2429 1114 2473 sermonis
1139 2429 1289 2473 animo
1325 2430 1690 2485 complectamur,
1730 2435 1775 2473 et
1811 2432 1940 2486 quasi

242 2521 378 2565 -filum
399 2516 582 2574 aliquod
601 2515 932 2569 nanciscamur,
961 2514 1087 2557 cuius
1119 2528 1203 2571 ope
1232 2529 1310 2571 per
1340 2515 1564 2559 anfractus
1599 2515 1702 2558 illos
1735 2515 1938 2572 dialogo-

248 2621 352 2651 rum
381 2602 619 2648 artificiose
650 2602 887 2645 instructos
914 2599 1044 2643 nobis
1077 2599 1163 2645 iter
1200 2599 1461 2655 aperiamus.
1528 2601 1765 2655 Perspecto
1786 2606 1938 2644 autem

240 2691 383 2736 vtotius
406 2686 622 2735 sermonis
643 2690 907 2742 argumento
939 2685 1238 2740 quaerendum
1271 2690 1338 2729 est
1368 2686 1502 2728 etiam
1538 2686 1592 2728 de
1621 2684 1717 2727 eius
1750 2685 1936 2729 consilio

240 2780 294 2820 *et
323 2773 564 2833 proposito.
622 2773 749 2827 Quae
775 2784 846 2813 res
874 2770 1117 2826 plurimum
1129 2770 1266 2813 habet
1283 2769 1568 2822 difficultatis,
1585 2774 1680 2812 tum
1703 2770 1808 2824 quia
1822 2784 1935 2826 quac

238 2860 307 2905 sit
336 2858 537 2916 princeps
575 2855 774 2912 quaestio
804 2869 934 2913 saepe
961 2855 1116 2898 sedulo
1148 2855 1420 2908 occultatur,
1459 2859 1556 2898 tum
1581 2855 1698 2910 quod
1720 2855 1934 2910 primario

238 2956 502 2990 ’sermonum
523 2940 602 2984 fini
619 2941 879 2999 plerumque
896 2940 987 2984 alia
1004 2940 1211 2983 adiuncta
1229 2943 1330 2983 sunt
1353 2940 1552 2983 consilia.
1608 2940 1767 2994 Itaque
1793 2943 1843 2982 ut
1864 2940 1934 2982 in-

237 3028 501 3085 telligatur,
530 3025 638 3082 quid
661 3025 853 3082 primum
873 3024 954 3078 sit,
983 3025 1089 3081 quid
1116 3026 1381 3077 secundum,
1412 3024 1518 3080 quid
1539 3024 1749 3075 tertium3
1778 3024 1934 3080 siugu-

235 3115 318 3159 lae
336 3110 644 3169 disputationis
666 3116 811 3166 partes
841 3109 956 3154 inter
993 3124 1040 3153 se
1072 3115 1173 3154 sunt
1207 3111 1527 3166 comparandae
1555 3107 1931 3164 investiganti-un-

231 3212 346 3255 -que,
361 3195 581 3254 quomodo
605 3195 721 3240 inter
742 3209 789 3239 se
807 3195 1092 3239 cohaereant:
1122 3194 1339 3252 imprimis
1352 3199 1499 3239 autem
1521 3195 1607 3236 hoc
1626 3193 1863 3250 agendum,
1882 3197 1931 3234 ut

242 3282 350 3343 quid
370 3279 482 3325 illud
499 3280 583 3334 sit,
600 3309 602 3311 ν
619 3281 676 3325 ad
711 3281 830 3338 quod
859 3281 1009 3325 omniu
1041 3282 1287 3325 referantur
1310 3285 1354 3323 et
1383 3295 1471 3337 quo
1493 3277 1709 3322 efficiatur
1730 3277 1929 3333 singula-

226 3381 344 3414 -rum
376 3365 570 3428 partium
598 3366 713 3414 inter
742 3381 790 3414 se
818 3366 1074 3425 consensio,
1102 3365 1444 3426 diligentissime
1461 3361 1768 3421 investigetur.
1826 3362 1927 3416 Quo
