2040 3646
781 150 1810 208 SYMP051UM.85

127 301 267 348 στου
287 287 446 365 ὑμῶν
479 285 578 348 τὸν
603 287 789 367 λόγον.
885 284 1136 359 ἄποδούς
1169 275 1277 347 οὖν
1310 282 1563 390 ἑκάτερος
1584 286 1663 367 τῷ
1684 287 1804 366 θεῷ

125 371 305 446 οὕτως
327 371 438 454 ἤδη
459 373 808 451 διαλεγέσθω.
874 369 1033 432 'And
1062 376 1243 444 καλῶς
1264 370 1452 448 λέγεις,
1495 392 1540 429 ω
1574 371 1799 446 Φαῖδρε,
1820 375 1872 430 Ε

124 457 299 535 φάναι
330 455 427 517 τὸν
450 454 756 541 Ἀγάθωνα,
797 457 891 515 καὶ
914 455 1082 517 οὐδέν
1102 478 1167 533 με
1188 455 1390 515 κωλύει
1410 454 1599 533 λέγειν·
1668 457 1799 513 Σω-

123 541 306 621 κράτει
327 564 431 619 γαρ
453 543 546 600 καὶ
568 542 737 615 αὐθις
757 541 905 601 ἔσται
925 542 1191 612 πολλάκις
1217 539 1578 618 διαλέγεσθαι.

294 627 455 712 Cap.
496 628 730 687 XVIII.
797 622 936 703 Ἐγω
959 627 1020 685 δὲ
1042 622 1113 704 δὴ
1148 623 1422 701 βούλομαι
1456 627 1674 701 πρῶτον
1702 621 1800 697 μὲν

122 711 342 769 εἰπεῖν
309 734 346 786 ῃ
372 707 476 788 χρή
501 732 565 784 με
591 711 783 782 εἰπεῖν,
826 710 1005 768 ἔπειτα
1041 710 1222 768 εἰπεῖν.
1307 711 1542 767 δοκοῦσι
1579 729 1683 785 γαρ
1705 728 1799 783 μοι

121 793 317 865 πάντες
349 794 405 851 οι
436 791 686 866 πρόσθεν
727 792 1000 872 εἰρηκότες
1034 814 1110 851 ου
1147 790 1246 852 τὸν
1280 789 1418 851 θεὸν
1439 788 1797 876 ἐγκωμιάζειν,

120 875 260 935 αλλα
295 899 430 948 τους
463 874 798 953 ανθρώπους
835 875 1228 954 εὐδαιμονίζειν
1260 897 1370 936 των
1398 874 1624 954 αγαθῶν
1653 896 1732 933 ων
1763 872 1797 934 6

118 958 254 1033 θεὸς
276 958 466 1032 αὐτοῖς
489 962 676 1033 αἴτιος·
745 958 954 1034 ὁποῖος
976 961 1036 1020 δέ
1059 981 1141 1034 τις
1167 957 1338 1034 αυτὸς
1362 983 1440 1021 ων
1463 964 1637 1018 ταῦτα
1660 958 1807 1019 ἐδω-

119 1044 357 1125 ρήσατο,
399 1041 587 1116 οὐδεὶς
623 1046 849 1125 εὕρηκεν.
933 1041 1010 1118 εἷς
1042 1046 1102 1103 δὲ
1137 1044 1343 1151 τρόπος
1379 1041 1555 1123 ὀρθὸς
1590 1039 1795 1116 παντὸς
1815 1044 1939 1104 195

119 1130 352 1188 ἐπαίνου
372 1130 496 1206 περὶ
515 1130 747 1202 παντός,
789 1128 935 1211 λόγω
958 1132 1198 1188 διελθεῖν
1201 1124 1340 1232 ο,οἷος
1366 1131 1497 1187 οῖ’ων
1522 1129 1691 1199 αἴτιος
1717 1123 1795 1185 ὢν

117 1236 369 1291 τυγχανει
393 1214 517 1290 περὶ
550 1214 629 1278 οὐ
639 1210 717 1286 ᾆν
742 1211 775 1272 6
811 1214 978 1291 λόγος
1014 1202 1069 1290 ᾖ.
1155 1210 1302 1273 οὕτω
1342 1210 1412 1293 δὴ
1445 1209 1542 1271 τὸν
1564 1209 1794 1288 ’Έρωτα

117 1300 210 1356 καὶ
244 1295 388 1377 ἡμᾶς
422 1298 635 1357 δίκαιον
682 1298 959 1357 ἐπαινέσαι
957 1316 1216 1382 πρωτον
1264 1294 1435 1356 αυτὸν
1477 1292 1594 1368 οἶός
1632 1296 1792 1368 ἐστιν,

116 1382 296 1441 έπειτα
315 1379 412 1453 τὰς
432 1379 627 1454 δόσεις.
718 1384 871 1463 Φημὶ
905 1371 1013 1442 οὖν
1054 1378 1172 1460 ἐγω
1188 1380 1407 1444 παντων
1432 1385 1581 1440 θεων
1605 1377 1792 1439 εὐδαι-

114 1465 300 1543 μόνων
343 1463 516 1525 ὄντων
538 1463 795 1544 ἏΕρωτα,
838 1468 886 1526 εἰ
919 1466 1081 1544 θέμις
1117 1467 1210 1524 καὶ
1247 1462 1575 1544 αυεμέσητον
1607 1465 1803 1537 εἰπεῖν,

116 1548 604 1629 ευδαιμονέστατον
629 1557 765 1611 εἰναι
791 1549 1008 1625 αυτῶν,
1048 1549 1340 1611 κάλλιστον
1376 1547 1511 1610 ὄντα
1541 1545 1706 1609 καὶ”
1669 1572 1790 1626 αρι-

115 1739 302 1781 verbnm
315 1732 576 1782 ἀποδοῦναι
586 1737 869 1794 capiendum
853 1752 923 1782 m-

113 1795 237 1850 frap.
246 1794 344 1868 220.
354 1797 409 1838 D.
421 1795 637 1851 Politicp
642 1796 761 1838 ..173
773 1798 825 1838 Β.
841 1811 922 1839 κα-

115 1852 206 1901 λῶς
247 1850 328 1895 καὶ
357 1811 637 1921 καθαπερεὶΡ
640 1853 782 1908 χρέως
812 1848 924 1896 ἀπέ-

117 1904 270 1956 δωκας
278 1923 360 1963 μοι
375 1904 459 1951 τὸν
476 1906 624 1980 λόγον.
650 1910 922 1977 DeRepubl.

114 1980 158 2021 p.
182 1964 280 2007 612.
308 1966 362 2009 Β.
379 1966 442 2033 uC.
500 1960 571 2023 ἆρ’
615 1959 699 2009 οὗν
738 1960 924 2010 ἀποδώ-

117 2018 218 2066 σετέ
244 2037 326 2076 μοι
372 2038 402 2064 α
435 2019 730 2066 ἐδανείσασθε
765 2020 815 2066 ἐν
855 2023 922 2080 τῷ

114 2076 269 2145 λόγῳς
285 2095 325 2122 κ.
348 2094 389 2121 τ.
411 2081 448 2121 λ.
505 2080 573 2120 De
594 2094 634 2122 v.
666 2073 810 2128 ου’τως
824 2083 923 2134 post

113 2134 396 2192 participium
418 2135 543 2179 illato
561 2150 601 2179 v.
619 2137 675 2179 ad
695 2136 922 2181 Phaedon.

116 2193 232 2234 c.11.

170 2247 250 2291 καὶ
270 2241 438 2305 αὖθις]
469 2248 642 2292 etiam
666 2249 920 2319 posthae.

174 2306 278 2359 Cap.
307 2306 466 2348 xvnl.
495 2302 607 2360 Ἐγιὸ
646 2307 696 2350 δε
724 2301 781 2360 δὴ
813 2304 922 2362 βού-

113 2362 281 2418 λομαι]
312 2362 572 2405 Accedimus
594 2363 651 2405 ad
679 2362 922 2405 orationem

112 2418 383 2473 Agafflonis,
410 2419 463 2462 de
483 2419 609 2461 cuius
628 2419 809 2475 poeticis
831 2419 923 2461 vir-

111 2475 281 2518 tutibus
302 2489 433 2530 supra
456 2475 622 2518 dictum
641 2480 720 2520 est.
778 2476 923 2518 Veris-

114 2531 226 2574 sime
262 2533 299 2574 P
322 2532 675 2576 rinsterer
702 2534 922 2588 Prosopo-

113 2589 272 2643 graph.
299 2589 469 2634 Platon.
499 2604 542 2644 p.
567 2590 664 2634 167.
734 2606 756 2629 »
775 2589 922 2632 Mani-

114 2645 273 2687 festum
299 2650 379 2697 est,
404 2645 574 2701 inquit,
603 2646 865 2689 Platonem'
851 2660 921 2688 ιιι-

113 2701 297 2756 genium
327 2677 379 2744 et,
412 2703 585 2745 dicendi
627 2717 779 2770 genus
806 2703 919 2758 (quo

113 2757 291 2812 Agatho
333 2760 567 2814 utebatur)
605 2761 660 2802 ad
689 2759 919 2802 veritatem

112 2813 379 2857 mimbiliter
425 2816 697 2882 expressisse.
778 2816 918 2860 Plena

117 2875 184 2913 est
212 2871 342 2925 (haec
356 2871 516 2927 oratio)
537 2887 695 2915 vocum
711 2873 919 2916 altisona-

76 2942 82 2945 *
111 2942 241 2981 rum,
277 2928 618 2982 oppositionum,
655 2930 918 2983 omninoque

111 2983 424 3036 festivitatum,
464 2999 576 3040 quae
619 2999 672 3028 ex
724 2986 917 3041 Gorgiae

112 3041 344 3095 disciplina
393 3042 616 3087 desumtae
661 3042 916 3089 videantur}

114 3103 164 3139 ut
193 3097 352 3139 coniici
377 3097 482 3143 licet
510 3113 561 3140 ex
590 3114 630 3153 p.
648 3098 744 3141 198.
774 3100 826 3141 Β.
848 3099 913 3151 0.,

114 3154 195 3196 ubi
228 3154 428 3196 Socrates
462 3160 637 3197 ornatus
670 3156 917 3197 redundan-

113 3211 223 3252 tiam
241 3211 367 3252 illam
385 3211 588 3254 videlicet
623 3213 805 3254 laudans
838 3213 917 3254 ad-

113 3267 196 3308 dit:
226 3266 304 3309 καὶ
325 3263 383 3310 τὰ
403 3267 486 3323 μὲν
508 3265 620 3311 ἄλλα
643 3263 726 3323 οὐχ
749 3264 918 3321 ὁμοίως

112 3319 361 3377 θαυμαστὰ
402 3340 442 3367 u.
479 3341 520 3368 τ.
553 3327 591 3367 λ.
605 3340 627 3364 α
711 3324 918 3367 Ceterum

116 3393 170 3423 ne
194 3379 310 3425 hauc
336 3381 515 3437 quidem
538 3381 781 3427 orationem
798 3395 921 3427 care-

984 1751 1034 1782 re
1052 1738 1213 1781 acerba
1245 1735 1459 1787 irrisione}
1479 1734 1792 1791 sophistarum,

985 1800 1209 1838 oratorum
1256 1798 1388 1848 atque
1439 1799 1693 1848 poetarum,
1746 1791 1794 1834 id

985 1852 1162 1907 quidem
1175 1865 1261 1893 non
1288 1863 1528 1902 monerem,
1554 1849 1640 1891 nisi
1658 1848 1794 1891 fuisse

986 1909 1146 1951 scirem
1186 1907 1263 1962 qui
1300 1907 1493 1962 leporem
1524 1909 1567 1948 et
1589 1910 1793 1948 venusta-

984 1970 1076 2008 tem
1119 1964 1213 2006 eius
1249 1977 1426 2019 prorsus
1461 1976 1550 2006 non
1581 1962 1792 2006 sentirent

985 2026 1060 2064 aut
1079 2021 1364 2089 perciperent,

1025 2079 1078 2122 P.
1088 2076 1184 2119 105.
1201 2075 1298 2127 οἶος
1314 2077 1424 2120 οἵων
1436 2071 1678 2137 αι’τιοςων]
1694 2076 1794 2117 Eu·-

985 2135 1086 2203 rip.
1109 2135 1236 2177 Alces
1240 2138 1270 2176 t.
1282 2147 1329 2179 v.
1344 2132 1440 2177 145.
1493 2134 1707 2182 οΐαςοὶος
1727 2127 1792 2175 ὢν

1054 2189 1275 2240 ατάνεις.
1307 2190 1564 2264 Sophocl.
1577 2188 1791 2232 Trachin.

1051 2248 1175 2291 1.-17
1235 2248 1357 2298 οἵαις
1388 2245 1487 2297 οἶος
1513 2240 1579 2290 ω“ν
1609 2243 1792 2290 ἐλαύνε-

985 2320 1076 2348 ται.
1146 2305 1354 2361 Antigon.
1394 2319 1436 2347 v.
1481 2302 1579 2347 942.
1629 2304 1792 2346 Electr.

984 2359 1277 2406 v.751.1²1u1·
1278 2375 1304 2404 a
1316 2361 1450 2403 huius
1464 2359 1638 2417 generis
1647 2374 1793 2403 exem-

984 2419 1059 2474 pla
1084 2419 1357 2484 collegerunt
1385 2417 1790 2483 Wyttenbach.

985 2475 1207 2518 adlulian.
1222 2476 1397 2519 Caesar.
1427 2472 1579 2529 Ρ.180.
1594 2474 1658 2516 ed.
1669 2473 1751 2527 Lip
1755 2486 1790 2515 s.

985 2532 1216 2575 etMonk.
1239 2530 1436 2585 adEurip
1427 2489 1623 2574 PAlcest.
1636 2544 1677 2571 v.
1690 2488 1789 2575 145.

983 2589 1116 2688 ὲξὸε.
1157 2588 1254 2631 crit.
1298 2588 1376 2632 ad
1403 2587 1582 2634 Anthul.
1624 2586 1722 2632 Pal.
1747 2601 1789 2642 p.

1041 2647 1448 2770 ευέαιμονέστατον
1465 2695 1586 2745 εἶναι
1605 2694 1788 2754 αὐτῶν]

982 2758 1058 2801 Sic
1089 2754 1230 2807 αὐτός
1267 2757 1440 2813 saepius
1487 2760 1584 2812 post
1628 2769 1788 2798 nomen

981 2815 1302 2859 substantivum
1333 2815 1406 2856 vel
1428 2827 1666 2869 pronomen
1708 2826 1789 2867 per

980 2872 1314 2915 redundantiam
1341 2871 1559 2936 quandam
1585 2870 1784 2917 infertur.

979 2929 1100 2972 Infra
1118 2944 1158 2984 Ρ.
1181 2928 1278 2971 200.
1299 2928 1349 2971 A.
1405 2923 1604 2995 πότερον
1625 2922 1649 2970 ὁ
1674 2923 1786 2982 ἔρως

980 2983 1155 3029 ἐκείνου
1165 3009 1194 3017 -
1225 2983 1444 3036 ἐπιθυμεῖ
1453 2978 1510 3028 αὖ
1515 2983 1610 3028 τοῦ.
1676 2984 1717 3025 X
1728 2996 1753 3024 e
1763 3007 1787 3019 «-

980 3043 1146 3097 noph.
1167 3043 1327 3111 Cyrop.
1357 3042 1393 3084 1.
1414 3040 1465 3094 3,
1494 3038 1563 3083 15.
1619 3054 1785 3097 πειρα-

981 3112 1121 3153 σομαι
1141 3100 1204 3158 τῷ
1225 3098 1427 3166 πάππῳ,
1453 3072 1662 3165 ἀγαθῶν
1700 3091 1785 3140 ἱπ-

979 3154 1103 3199 πέων
1125 3142 1365 3223 κράτιστος
1384 3150 1448 3196 ὦν
1465 3150 1645 3206 ἱππεύς,
1674 3165 1787 3208 συμν-

980 3215 1140 3280 μαχεῖν
1171 3208 1567 3278 av193.1bid.1.4‚
1595 3209 1638 3253 5.
1667 3211 1725 3253 al.
1845 3245 1857 3265 .-

1037 3258 1275 3313 κάλλιστον’
1310 3261 1423 3311 ὄντα
1447 3265 1526 3310 καὶ
1557 3261 1780 3334 αριστον]

982 3325 1066 3370 His
1095 3327 1243 3369 verbis
1279 3325 1456 3391 Agatho
1488 3323 1655 3366 indicat
1680 3325 1784 3367 bre·

981 3382 1098 3427 viter
1116 3383 1325 3428 orationis
1345 3395 1450 3427 suae
1461 3385 1785 3438 argumentum.
