<?xml version="1.0" encoding="UTF-8"?>
<!DOCTYPE html PUBLIC "-//W3C//DTD XHTML 1.0 Transitional//EN"
    "http://www.w3.org/TR/xhtml1/DTD/xhtml1-transitional.dtd">
<html xmlns="http://www.w3.org/1999/xhtml" xml:lang="en" lang="en">
 <head>
  <title>
</title>
<meta http-equiv="Content-Type" content="text/html;charset=utf-8" />
  <meta name='ocr-system' content='tesseract 3.04.00' />
  <meta name='ocr-capabilities' content='ocr_page ocr_carea ocr_par ocr_line ocrx_word'/>
</head>
<body>
  <div class='ocr_page' id='page_1' title='image "./s1s2s3operaomnia01platuoft_0275.png"; bbox 0 0 2040 3646; ppageno 0'>
   <div class='ocr_carea' id='block_1_1' title="bbox 804 160 1811 221">
    <p class='ocr_par' dir='ltr' id='par_1_1' title="bbox 804 160 1811 221">
     <span class='ocr_line' id='line_1_1' title="bbox 804 160 1811 221; baseline 0.008 -8"><span class='ocrx_word' id='word_1_1' title='bbox 804 160 1122 214; x_wconf 87' lang='lat' dir='ltr'>PHAEDO.</span> <span class='ocrx_word' id='word_1_2' title='bbox 1744 166 1811 221; x_wconf 81' lang='lat'><strong>73</strong></span> 
     </span>
    </p>
   </div>
   <div class='ocr_carea' id='block_1_2' title="bbox 131 293 1935 1557">
    <p class='ocr_par' dir='ltr' id='par_1_2' title="bbox 137 293 1935 886">
     <span class='ocr_line' id='line_1_2' title="bbox 143 293 1935 378; baseline 0.001 -21"><span class='ocrx_word' id='word_1_3' title='bbox 143 301 347 371; x_wconf 76' lang='grc' dir='ltr'><em>ζῶντας</em></span> <span class='ocrx_word' id='word_1_4' title='bbox 385 293 554 378; x_wconf 78' lang='grc' dir='ltr'><em>αὕτη,</em></span> <span class='ocrx_word' id='word_1_5' title='bbox 594 294 659 356; x_wconf 79' lang='grc' dir='ltr'><em>τὸ</em></span> <span class='ocrx_word' id='word_1_6' title='bbox 693 293 1163 374; x_wconf 76' lang='grc' dir='ltr'><em>ἄναβιώσκεσθαι;</em></span> <span class='ocrx_word' id='word_1_7' title='bbox 1206 295 1376 358; x_wconf 74' lang='grc' dir='ltr'><em>Πάνυ</em></span> <span class='ocrx_word' id='word_1_8' title='bbox 1410 319 1485 377; x_wconf 77' lang='grc' dir='ltr'><strong>γε.</strong></span> <span class='ocrx_word' id='word_1_9' title='bbox 1563 295 1811 375; x_wconf 87' lang='grc' dir='ltr'><em>Ὅμολο-</em></span> <span class='ocrx_word' id='word_1_10' title='bbox 1850 312 1935 372; x_wconf 73' lang='lat'><strong>72</strong></span> 
     </span>
     <span class='ocr_line' id='line_1_3' title="bbox 140 378 1811 461; baseline 0.002 -21"><span class='ocrx_word' id='word_1_11' title='bbox 140 388 306 460; x_wconf 79' lang='grc' dir='ltr'><em>γεῒται</em></span> <span class='ocrx_word' id='word_1_12' title='bbox 334 378 442 459; x_wconf 66' lang='grc' dir='ltr'><strong>ἄρα</strong></span> <span class='ocrx_word' id='word_1_13' title='bbox 461 380 592 461; x_wconf 79' lang='grc' dir='ltr'><em>ἡμῖν</em></span> <span class='ocrx_word' id='word_1_14' title='bbox 616 382 900 459; x_wconf 72' lang='grc' dir='ltr'><em>καὶταύτῃ</em></span> <span class='ocrx_word' id='word_1_15' title='bbox 933 379 1070 454; x_wconf 75' lang='grc' dir='ltr'><em>τοὺς</em></span> <span class='ocrx_word' id='word_1_16' title='bbox 1103 386 1304 455; x_wconf 76' lang='grc' dir='ltr'><em>ζῶντας</em></span> <span class='ocrx_word' id='word_1_17' title='bbox 1341 382 1399 441; x_wconf 80' lang='grc' dir='ltr'><strong>ἐκ</strong></span> <span class='ocrx_word' id='word_1_18' title='bbox 1432 386 1540 441; x_wconf 77' lang='grc' dir='ltr'><em>τῶν</em></span> <span class='ocrx_word' id='word_1_19' title='bbox 1576 382 1811 443; x_wconf 75' lang='grc' dir='ltr'><em>τεθνεώ-</em></span> 
     </span>
     <span class='ocr_line' id='line_1_4' title="bbox 141 459 1811 546; baseline 0.002 -22"><span class='ocrx_word' id='word_1_20' title='bbox 141 487 249 525; x_wconf 85' lang='grc' dir='ltr'><strong>των</strong></span> <span class='ocrx_word' id='word_1_21' title='bbox 293 467 567 544; x_wconf 75' lang='grc' dir='ltr'><em>γεγονέναι</em></span> <span class='ocrx_word' id='word_1_22' title='bbox 603 464 771 526; x_wconf 72' lang='grc' dir='ltr'><em>ου’ὁεν</em></span> <span class='ocrx_word' id='word_1_23' title='bbox 818 459 983 546; x_wconf 81' lang='grc' dir='ltr'><em>ἦττον</em></span> <span class='ocrx_word' id='word_1_24' title='bbox 1028 463 1068 546; x_wconf 81' lang='grc' dir='ltr'><em>ἢ</em></span> <span class='ocrx_word' id='word_1_25' title='bbox 1106 463 1241 538; x_wconf 74' lang='grc' dir='ltr'><em>τοὺς</em></span> <span class='ocrx_word' id='word_1_26' title='bbox 1270 471 1568 538; x_wconf 74' lang='grc' dir='ltr'><strong>τεθνεῶτας</strong></span> <span class='ocrx_word' id='word_1_27' title='bbox 1604 467 1662 526; x_wconf 76' lang='grc' dir='ltr'><strong>ἐκ</strong></span> <span class='ocrx_word' id='word_1_28' title='bbox 1702 473 1811 528; x_wconf 77' lang='grc' dir='ltr'><em>τῶν</em></span> 
     </span>
     <span class='ocr_line' id='line_1_5' title="bbox 144 549 1810 632; baseline 0.003 -25"><span class='ocrx_word' id='word_1_29' title='bbox 144 549 371 623; x_wconf 77' lang='grc' dir='ltr'><em>ζώντων.</em></span> <span class='ocrx_word' id='word_1_30' title='bbox 454 549 661 610; x_wconf 83' lang='grc' dir='ltr'><em>τούτου</em></span> <span class='ocrx_word' id='word_1_31' title='bbox 682 552 741 610; x_wconf 77' lang='grc' dir='ltr'><strong>δὲ</strong></span> <span class='ocrx_word' id='word_1_32' title='bbox 764 549 921 623; x_wconf 81' lang='grc' dir='ltr'><em>ὄντος</em></span> <span class='ocrx_word' id='word_1_33' title='bbox 947 549 1138 610; x_wconf 78' lang='grc' dir='ltr'><em>ἱκανόν</em></span> <span class='ocrx_word' id='word_1_34' title='bbox 1160 568 1275 610; x_wconf 86' lang='grc' dir='ltr'><strong>που</strong></span> <span class='ocrx_word' id='word_1_35' title='bbox 1312 551 1490 609; x_wconf 75' lang='grc' dir='ltr'><em>ἐδόκει</em></span> <span class='ocrx_word' id='word_1_36' title='bbox 1522 551 1810 632; x_wconf 80' lang='grc' dir='ltr'><em>τεκμήριον</em></span> 
     </span>
     <span class='ocr_line' id='line_1_6' title="bbox 142 629 1808 712; baseline 0.003 -20"><span class='ocrx_word' id='word_1_37' title='bbox 142 629 294 706; x_wconf 80' lang='grc' dir='ltr'><em>εἶναι,</em></span> <span class='ocrx_word' id='word_1_38' title='bbox 320 631 404 693; x_wconf 79' lang='grc' dir='ltr'><em>ὅτι</em></span> <span class='ocrx_word' id='word_1_39' title='bbox 428 631 726 712; x_wconf 70' lang='grc' dir='ltr'><em>ἀναγκαῖον</em></span> <span class='ocrx_word' id='word_1_40' title='bbox 744 633 841 708; x_wconf 74' lang='grc' dir='ltr'><em>τὰς</em></span> <span class='ocrx_word' id='word_1_41' title='bbox 861 641 969 695; x_wconf 77' lang='grc' dir='ltr'><em>τῶν</em></span> <span class='ocrx_word' id='word_1_42' title='bbox 991 634 1300 694; x_wconf 66' lang='grc' dir='ltr'><em>τεθνεώτων</em></span> <span class='ocrx_word' id='word_1_43' title='bbox 1311 632 1498 711; x_wconf 71' lang='grc' dir='ltr'><em>ψυχας</em></span> <span class='ocrx_word' id='word_1_44' title='bbox 1518 631 1656 694; x_wconf 82' lang='grc' dir='ltr'><em>εἷναί</em></span> <span class='ocrx_word' id='word_1_45' title='bbox 1673 653 1808 711; x_wconf 89' lang='grc' dir='ltr'><em>που,</em></span> 
     </span>
     <span class='ocr_line' id='line_1_7' title="bbox 143 710 1808 801; baseline 0.002 -24"><span class='ocrx_word' id='word_1_46' title='bbox 143 715 280 778; x_wconf 80' lang='grc' dir='ltr'><em>ὅθεν</em></span> <span class='ocrx_word' id='word_1_47' title='bbox 304 716 374 799; x_wconf 77' lang='grc' dir='ltr'><strong>δὴ</strong></span> <span class='ocrx_word' id='word_1_48' title='bbox 396 718 566 781; x_wconf 73' lang='grc' dir='ltr'><em>,πάλιν</em></span> <span class='ocrx_word' id='word_1_49' title='bbox 585 720 881 796; x_wconf 77' lang='grc' dir='ltr'><em>γίγνεσθαι.</em></span> <span class='ocrx_word' id='word_1_50' title='bbox 963 724 1137 778; x_wconf 82' lang='grc' dir='ltr'><em>Δοκεῖ</em></span> <span class='ocrx_word' id='word_1_51' title='bbox 1155 742 1276 795; x_wconf 87' lang='grc' dir='ltr'><em>μοι,</em></span> <span class='ocrx_word' id='word_1_52' title='bbox 1320 719 1429 798; x_wconf 69' lang='grc' dir='ltr'><strong>ἔφη</strong></span> <span class='ocrx_word' id='word_1_53' title='bbox 1443 763 1458 792; x_wconf 89' lang='grc'><em>,</em></span> <span class='ocrx_word' id='word_1_54' title='bbox 1501 710 1546 777; x_wconf 70' lang='grc' dir='ltr'><em>ὦ</em></span> <span class='ocrx_word' id='word_1_55' title='bbox 1570 720 1808 801; x_wconf 74' lang='grc' dir='ltr'><em>Σώκρα-</em></span> 
     </span>
     <span class='ocr_line' id='line_1_8' title="bbox 137 799 1644 886; baseline 0.001 -26"><span class='ocrx_word' id='word_1_56' title='bbox 137 825 251 876; x_wconf 87' lang='grc' dir='ltr'><em>τες,</em></span> <span class='ocrx_word' id='word_1_57' title='bbox 294 802 352 861; x_wconf 77' lang='grc' dir='ltr'><strong>ἐκ</strong></span> <span class='ocrx_word' id='word_1_58' title='bbox 371 807 480 860; x_wconf 74' lang='grc' dir='ltr'><em>τῶν</em></span> <span class='ocrx_word' id='word_1_59' title='bbox 501 800 928 882; x_wconf 72' lang='grc' dir='ltr'><em>ὡμολογημένων</em></span> <span class='ocrx_word' id='word_1_60' title='bbox 962 800 1259 880; x_wconf 68' lang='grc' dir='ltr'><em>αναγκαῖον</em></span> <span class='ocrx_word' id='word_1_61' title='bbox 1280 799 1458 886; x_wconf 67' lang='grc' dir='ltr'><em>οὕτως</em></span> <span class='ocrx_word' id='word_1_62' title='bbox 1494 804 1644 879; x_wconf 71' lang='grc' dir='ltr'><em>ἔχειν.</em></span> 
     </span>
    </p>

    <p class='ocr_par' dir='ltr' id='par_1_3' title="bbox 131 884 1895 1557">
     <span class='ocr_line' id='line_1_9' title="bbox 307 884 1810 968; baseline 0.001 -21"><span class='ocrx_word' id='word_1_63' title='bbox 307 887 468 966; x_wconf 80' lang='lat' dir='ltr'><strong>Cap.</strong></span> <span class='ocrx_word' id='word_1_64' title='bbox 519 889 718 946; x_wconf 90' lang='lat' dir='ltr'><strong>XVII.</strong></span> <span class='ocrx_word' id='word_1_65' title='bbox 797 884 892 946; x_wconf 78' lang='grc' dir='ltr'><strong>Ἰὁὲ</strong></span> <span class='ocrx_word' id='word_1_66' title='bbox 924 888 1141 960; x_wconf 83' lang='grc' dir='ltr'><em>τοίνυν,</em></span> <span class='ocrx_word' id='word_1_67' title='bbox 1196 887 1331 966; x_wconf 72' lang='grc' dir='ltr'><em>ἔφη,</em></span> <span class='ocrx_word' id='word_1_68' title='bbox 1385 887 1429 945; x_wconf 81' lang='grc' dir='ltr'><em>ὠ</em></span> <span class='ocrx_word' id='word_1_69' title='bbox 1471 888 1687 968; x_wconf 83' lang='grc' dir='ltr'><strong><em>Κέβης,</em></strong></span> <span class='ocrx_word' id='word_1_70' title='bbox 1726 884 1810 948; x_wconf 76' lang='grc' dir='ltr'><em>ὅτι</em></span> 
     </span>
     <span class='ocr_line' id='line_1_10' title="bbox 137 967 1807 1053; baseline 0.001 -24"><span class='ocrx_word' id='word_1_71' title='bbox 137 967 261 1029; x_wconf 61' lang='lat' dir='ltr'><strong>‘nid&#39;</strong></span> <span class='ocrx_word' id='word_1_72' title='bbox 285 967 485 1041; x_wconf 74' lang='grc' dir='ltr'><em>ἀδίκως</em></span> <span class='ocrx_word' id='word_1_73' title='bbox 508 967 952 1049; x_wconf 59' lang='grc' dir='ltr'><em>ὡμολογήκαμεν,</em></span> <span class='ocrx_word' id='word_1_74' title='bbox 996 968 1071 1043; x_wconf 75' lang='grc' dir='ltr'><strong>ὥς</strong></span> <span class='ocrx_word' id='word_1_75' title='bbox 1109 971 1227 1047; x_wconf 74' lang='grc' dir='ltr'><em>ἐμοὶ</em></span> <span class='ocrx_word' id='word_1_76' title='bbox 1263 975 1427 1029; x_wconf 81' lang='grc' dir='ltr'><em>δοκεῖ.</em></span> <span class='ocrx_word' id='word_1_77' title='bbox 1511 973 1559 1030; x_wconf 81' lang='grc' dir='ltr'><strong>εἰ</strong></span> <span class='ocrx_word' id='word_1_78' title='bbox 1592 970 1695 1050; x_wconf 74' lang='grc' dir='ltr'><strong>γὰρ</strong></span> <span class='ocrx_word' id='word_1_79' title='bbox 1730 971 1807 1053; x_wconf 86' lang='grc' dir='ltr'><strong>μὴ</strong></span> 
     </span>
     <span class='ocr_line' id='line_1_11' title="bbox 138 1052 1895 1134; baseline 0.002 -23"><span class='ocrx_word' id='word_1_80' title='bbox 138 1052 223 1112; x_wconf 67' lang='grc' dir='ltr'><strong>ἀεὶ</strong></span> <span class='ocrx_word' id='word_1_81' title='bbox 262 1052 652 1134; x_wconf 72' lang='grc' dir='ltr'><em>ἅνταποδιδοίη</em></span> <span class='ocrx_word' id='word_1_82' title='bbox 692 1052 758 1113; x_wconf 74' lang='grc' dir='ltr'><em>τὰ</em></span> <span class='ocrx_word' id='word_1_83' title='bbox 797 1056 949 1129; x_wconf 72' lang='grc' dir='ltr'><em>ἔτερα</em></span> <span class='ocrx_word' id='word_1_84' title='bbox 978 1062 1093 1127; x_wconf 86' lang='grc' dir='ltr'><em>τοῖς</em></span> <span class='ocrx_word' id='word_1_85' title='bbox 1118 1056 1319 1133; x_wconf 74' lang='grc' dir='ltr'><em>ἑτέροις</em></span> <span class='ocrx_word' id='word_1_86' title='bbox 1345 1052 1658 1133; x_wconf 75' lang='grc' dir='ltr'><em>γιγνόμενα,</em></span> <span class='ocrx_word' id='word_1_87' title='bbox 1701 1055 1806 1129; x_wconf 46' lang='grc' dir='ltr'><strong>ὦςὼ</strong></span> <span class='ocrx_word' id='word_1_88' title='bbox 1845 1074 1895 1127; x_wconf 86' lang='grc' dir='ltr'><strong>Β</strong></span> 
     </span>
     <span class='ocr_line' id='line_1_12' title="bbox 133 1135 1807 1221; baseline 0.003 -25"><span class='ocrx_word' id='word_1_89' title='bbox 133 1139 281 1216; x_wconf 83' lang='grc' dir='ltr'><em>περεὶ</em></span> <span class='ocrx_word' id='word_1_90' title='bbox 306 1138 493 1221; x_wconf 72' lang='grc' dir='ltr'><em>κύκλῳ</em></span> <span class='ocrx_word' id='word_1_91' title='bbox 515 1137 817 1216; x_wconf 76' lang='grc' dir='ltr'><em>περιϊόντα,</em></span> <span class='ocrx_word' id='word_1_92' title='bbox 861 1135 978 1218; x_wconf 66' lang='grc' dir='ltr'><em>ἀλλ’</em></span> <span class='ocrx_word' id='word_1_93' title='bbox 1014 1138 1205 1199; x_wconf 68' lang='grc' dir='ltr'><em>εὐθεῖά</em></span> <span class='ocrx_word' id='word_1_94' title='bbox 1231 1162 1313 1212; x_wconf 88' lang='grc' dir='ltr'><em>τις</em></span> <span class='ocrx_word' id='word_1_95' title='bbox 1342 1141 1425 1218; x_wconf 79' lang='grc' dir='ltr'><strong>εἴη</strong></span> <span class='ocrx_word' id='word_1_96' title='bbox 1451 1136 1714 1219; x_wconf 76' lang='grc' dir='ltr'><em>ἡγένεσις</em></span> <span class='ocrx_word' id='word_1_97' title='bbox 1749 1142 1807 1201; x_wconf 79' lang='grc' dir='ltr'><strong>ἐκ</strong></span> 
     </span>
     <span class='ocr_line' id='line_1_13' title="bbox 134 1220 1807 1304; baseline 0.002 -23"><span class='ocrx_word' id='word_1_98' title='bbox 134 1228 239 1281; x_wconf 82' lang='grc' dir='ltr'><em>τοῦ</em></span> <span class='ocrx_word' id='word_1_99' title='bbox 266 1223 455 1297; x_wconf 71' lang='grc' dir='ltr'><em>ἐτέρου</em></span> <span class='ocrx_word' id='word_1_100' title='bbox 477 1223 648 1299; x_wconf 85' lang='grc' dir='ltr'><em>μόνον</em></span> <span class='ocrx_word' id='word_1_101' title='bbox 682 1226 758 1297; x_wconf 80' lang='grc' dir='ltr'><strong>εἰς</strong></span> <span class='ocrx_word' id='word_1_102' title='bbox 781 1220 845 1282; x_wconf 88' lang='grc' dir='ltr'>τὸ</span> <span class='ocrx_word' id='word_1_103' title='bbox 879 1222 1209 1301; x_wconf 73' lang='grc' dir='ltr'><em>καταντικρὺ</em></span> <span class='ocrx_word' id='word_1_104' title='bbox 1240 1224 1332 1282; x_wconf 80' lang='grc' dir='ltr'><strong>καὶ</strong></span> <span class='ocrx_word' id='word_1_105' title='bbox 1354 1221 1430 1304; x_wconf 86' lang='grc' dir='ltr'><strong>μὴ</strong></span> <span class='ocrx_word' id='word_1_106' title='bbox 1467 1222 1807 1302; x_wconf 79' lang='grc' dir='ltr'><em>οἷνακάμπτοι</em></span> 
     </span>
     <span class='ocr_line' id='line_1_14' title="bbox 133 1305 1809 1412; baseline 0.002 -47"><span class='ocrx_word' id='word_1_107' title='bbox 133 1306 298 1367; x_wconf 76' lang='grc' dir='ltr'><em>πάλιν</em></span> <span class='ocrx_word' id='word_1_108' title='bbox 347 1308 435 1367; x_wconf 79' lang='grc' dir='ltr'><strong>ἐπὶ</strong></span> <span class='ocrx_word' id='word_1_109' title='bbox 484 1305 547 1366; x_wconf 82' lang='grc' dir='ltr'><em>τὸ</em></span> <span class='ocrx_word' id='word_1_110' title='bbox 589 1309 771 1386; x_wconf 76' lang='grc' dir='ltr'><em>ἕτερον</em></span> <span class='ocrx_word' id='word_1_111' title='bbox 809 1309 944 1387; x_wconf 80' lang='grc' dir='ltr'><em>μηδὲ</em></span> <span class='ocrx_word' id='word_1_112' title='bbox 992 1306 1214 1412; x_wconf 66' lang='grc' dir='ltr'><em>καμπὴν</em></span> <span class='ocrx_word' id='word_1_113' title='bbox 1250 1315 1491 1380; x_wconf 78' lang='grc' dir='ltr'><em>ποιοῖτο,</em></span> <span class='ocrx_word' id='word_1_114' title='bbox 1546 1305 1695 1369; x_wconf 76' lang='grc' dir='ltr'><em>οἷσθ’</em></span> <span class='ocrx_word' id='word_1_115' title='bbox 1725 1307 1809 1369; x_wconf 76' lang='grc' dir='ltr'><em>ὅτι</em></span> 
     </span>
     <span class='ocr_line' id='line_1_15' title="bbox 131 1390 1808 1472; baseline 0.002 -22"><span class='ocrx_word' id='word_1_116' title='bbox 131 1391 309 1450; x_wconf 81' lang='grc' dir='ltr'><em>πάντα</em></span> <span class='ocrx_word' id='word_1_117' title='bbox 328 1395 655 1451; x_wconf 72' lang='grc' dir='ltr'><em>τελευτῶντα</em></span> <span class='ocrx_word' id='word_1_118' title='bbox 682 1391 746 1451; x_wconf 84' lang='grc' dir='ltr'><em>τὸ</em></span> <span class='ocrx_word' id='word_1_119' title='bbox 781 1390 919 1451; x_wconf 76' lang='grc' dir='ltr'><em>αὐτὸ</em></span> <span class='ocrx_word' id='word_1_120' title='bbox 943 1398 1125 1472; x_wconf 81' lang='grc' dir='ltr'><em>’σχῆμα</em></span> <span class='ocrx_word' id='word_1_121' title='bbox 1161 1390 1229 1452; x_wconf 76' lang='grc' dir='ltr'><strong>οἷν</strong></span> <span class='ocrx_word' id='word_1_122' title='bbox 1253 1393 1413 1472; x_wconf 79' lang='grc' dir='ltr'><em>σχοίη</em></span> <span class='ocrx_word' id='word_1_123' title='bbox 1447 1394 1541 1450; x_wconf 73' lang='grc' dir='ltr'><strong>καὶ</strong></span> <span class='ocrx_word' id='word_1_124' title='bbox 1568 1391 1633 1452; x_wconf 87' lang='grc' dir='ltr'><em>τὸ</em></span> <span class='ocrx_word' id='word_1_125' title='bbox 1669 1391 1808 1453; x_wconf 80' lang='grc' dir='ltr'><em>αὐτὸ</em></span> 
     </span>
     <span class='ocr_line' id='line_1_16' title="bbox 133 1472 1808 1557; baseline 0.001 -21"><span class='ocrx_word' id='word_1_126' title='bbox 133 1475 320 1550; x_wconf 77' lang='grc' dir='ltr'><em>πάθος</em></span> <span class='ocrx_word' id='word_1_127' title='bbox 343 1472 412 1536; x_wconf 76' lang='grc' dir='ltr'><strong>ὂὲν</strong></span> <span class='ocrx_word' id='word_1_128' title='bbox 435 1475 614 1537; x_wconf 73' lang='grc' dir='ltr'><em>πάθοι</em></span> <span class='ocrx_word' id='word_1_129' title='bbox 643 1478 737 1539; x_wconf 80' lang='grc' dir='ltr'><strong>καὶ</strong></span> <span class='ocrx_word' id='word_1_130' title='bbox 775 1476 1050 1537; x_wconf 79' lang='grc' dir='ltr'><em>παύσαιτο</em></span> <span class='ocrx_word' id='word_1_131' title='bbox 1081 1475 1398 1557; x_wconf 77' lang='grc' dir='ltr'><em>γιγνόμενα,·</em></span> <span class='ocrx_word' id='word_1_132' title='bbox 1441 1481 1580 1554; x_wconf 77' lang='grc' dir='ltr'><strong>Πῶς</strong></span> <span class='ocrx_word' id='word_1_133' title='bbox 1602 1478 1772 1557; x_wconf 78' lang='grc' dir='ltr'><em>λέγεις</em></span> <span class='ocrx_word' id='word_1_134' title='bbox 1786 1501 1808 1548; x_wconf 90' lang='lat'><strong>,·</strong></span> 
     </span>
    </p>
   </div>
   <div class='ocr_carea' id='block_1_3' title="bbox 135 1661 1809 1777">
    <p class='ocr_par' dir='ltr' id='par_1_4' title="bbox 135 1661 1809 1777">
     <span class='ocr_line' id='line_1_17' title="bbox 191 1661 1809 1721; baseline 0.002 -14"><span class='ocrx_word' id='word_1_135' title='bbox 191 1661 352 1707; x_wconf 78' lang='grc' dir='ltr'><em>ἱκανόν</em></span> <span class='ocrx_word' id='word_1_136' title='bbox 378 1679 471 1708; x_wconf 85' lang='grc' dir='ltr'><strong>που</strong></span> <span class='ocrx_word' id='word_1_137' title='bbox 501 1661 676 1721; x_wconf 77' lang='grc' dir='ltr'><em>ἐδόκει]</em></span> <span class='ocrx_word' id='word_1_138' title='bbox 715 1663 766 1709; x_wconf 87' lang='lat' dir='ltr'><strong>V.</strong></span> <span class='ocrx_word' id='word_1_139' title='bbox 798 1661 948 1720; x_wconf 77' lang='grc' dir='ltr'><em>ἐδόκει</em></span> <span class='ocrx_word' id='word_1_140' title='bbox 977 1666 1148 1719; x_wconf 80' lang='lat' dir='ltr'><strong>deerat,</strong></span> <span class='ocrx_word' id='word_1_141' title='bbox 1188 1664 1306 1721; x_wconf 86' lang='lat' dir='ltr'><strong>quod</strong></span> <span class='ocrx_word' id='word_1_142' title='bbox 1333 1665 1636 1721; x_wconf 82' lang='lat' dir='ltr'><strong>praebuerunt</strong></span> <span class='ocrx_word' id='word_1_143' title='bbox 1679 1665 1809 1712; x_wconf 85' lang='lat' dir='ltr'><strong>Bodl.</strong></span> 
     </span>
     <span class='ocr_line' id='line_1_18' title="bbox 135 1721 994 1777; baseline 0.005 -14"><span class='ocrx_word' id='word_1_144' title='bbox 135 1721 255 1763; x_wconf 83' lang='lat' dir='ltr'><strong>Tub.</strong></span> <span class='ocrx_word' id='word_1_145' title='bbox 275 1722 367 1764; x_wconf 83' lang='lat' dir='ltr'><strong>vat.</strong></span> <span class='ocrx_word' id='word_1_146' title='bbox 386 1722 538 1764; x_wconf 87' lang='lat' dir='ltr'><strong>Venet.</strong></span> <span class='ocrx_word' id='word_1_147' title='bbox 563 1722 642 1765; x_wconf 80' lang='lat' dir='ltr'><strong>alii</strong></span> <span class='ocrx_word' id='word_1_148' title='bbox 674 1722 854 1777; x_wconf 83' lang='lat' dir='ltr'>plurimi</span> <span class='ocrx_word' id='word_1_149' title='bbox 873 1722 994 1767; x_wconf 83' lang='lat' dir='ltr'>libri.</span> 
     </span>
    </p>
   </div>
   <div class='ocr_carea' id='block_1_4' title="bbox 133 1773 1810 1881">
    <p class='ocr_par' dir='ltr' id='par_1_5' title="bbox 133 1773 1810 1881">
     <span class='ocr_line' id='line_1_19' title="bbox 189 1773 1810 1835; baseline 0.002 -14"><span class='ocrx_word' id='word_1_150' title='bbox 189 1773 302 1823; x_wconf 77' lang='grc' dir='ltr'><em>ὅθεν</em></span> <span class='ocrx_word' id='word_1_151' title='bbox 331 1774 387 1834; x_wconf 85' lang='grc' dir='ltr'><strong>δὴ</strong></span> <span class='ocrx_word' id='word_1_152' title='bbox 416 1777 586 1834; x_wconf 76' lang='grc' dir='ltr'><em>πάλιν]</em></span> <span class='ocrx_word' id='word_1_153' title='bbox 626 1779 760 1821; x_wconf 78' lang='lat' dir='ltr'><strong>codd.</strong></span> <span class='ocrx_word' id='word_1_154' title='bbox 794 1780 963 1834; x_wconf 78' lang='lat' dir='ltr'><strong>aliquot</strong></span> <span class='ocrx_word' id='word_1_155' title='bbox 1000 1774 1114 1823; x_wconf 77' lang='grc' dir='ltr'><em>ὅθεν</em></span> <span class='ocrx_word' id='word_1_156' title='bbox 1158 1778 1231 1822; x_wconf 82' lang='grc' dir='ltr'><strong>δεῖ</strong></span> <span class='ocrx_word' id='word_1_157' title='bbox 1264 1774 1406 1822; x_wconf 74' lang='grc' dir='ltr'><em>πάλιν</em></span> <span class='ocrx_word' id='word_1_158' title='bbox 1448 1777 1714 1835; x_wconf 77' lang='grc' dir='ltr'><em>γίγνεσθαι,</em></span> <span class='ocrx_word' id='word_1_159' title='bbox 1760 1782 1810 1825; x_wconf 79' lang='lat' dir='ltr'><strong>ut</strong></span> 
     </span>
     <span class='ocr_line' id='line_1_20' title="bbox 133 1834 1426 1881; baseline 0.002 -3"><span class='ocrx_word' id='word_1_160' title='bbox 133 1834 414 1878; x_wconf 80' lang='lat' dir='ltr'><strong>Heindorfius</strong></span> <span class='ocrx_word' id='word_1_161' title='bbox 435 1835 715 1880; x_wconf 76' lang='lat' dir='ltr'><strong>scribendum</strong></span> <span class='ocrx_word' id='word_1_162' title='bbox 739 1837 996 1880; x_wconf 84' lang='lat' dir='ltr'><strong>coniecerat.</strong></span> <span class='ocrx_word' id='word_1_163' title='bbox 1054 1836 1140 1879; x_wconf 87' lang='lat' dir='ltr'><strong>Sed</strong></span> <span class='ocrx_word' id='word_1_164' title='bbox 1158 1836 1258 1878; x_wconf 85' lang='lat' dir='ltr'><strong>vide</strong></span> <span class='ocrx_word' id='word_1_165' title='bbox 1279 1839 1426 1881; x_wconf 82' lang='lat' dir='ltr'><strong>annot.</strong></span> 
     </span>
    </p>
   </div>
   <div class='ocr_carea' id='block_1_5' title="bbox 190 1892 458 1948">
    <p class='ocr_par' dir='ltr' id='par_1_6' title="bbox 190 1892 458 1948">
     <span class='ocr_line' id='line_1_21' title="bbox 190 1892 458 1948; baseline 0 -14"><span class='ocrx_word' id='word_1_166' title='bbox 190 1892 293 1948; x_wconf 78' lang='lat' dir='ltr'><strong>cap.</strong></span> <span class='ocrx_word' id='word_1_167' title='bbox 324 1893 458 1936; x_wconf 85' lang='lat' dir='ltr'><strong>xvn.</strong></span> 
     </span>
    </p>
   </div>
   <div class='ocr_carea' id='block_1_6' title="bbox 128 2029 939 3392">
    <p class='ocr_par' dir='ltr' id='par_1_7' title="bbox 128 2029 939 3222">
     <span class='ocr_line' id='line_1_22' title="bbox 187 2029 934 2077; baseline 0.001 -2"><span class='ocrx_word' id='word_1_168' title='bbox 187 2031 239 2075; x_wconf 87' lang='lat' dir='ltr'><strong>P.</strong></span> <span class='ocrx_word' id='word_1_169' title='bbox 273 2031 343 2075; x_wconf 79' lang='lat'><strong>72.</strong></span> <span class='ocrx_word' id='word_1_170' title='bbox 414 2029 574 2076; x_wconf 75' lang='grc' dir='ltr'><em>ἱκανόν</em></span> <span class='ocrx_word' id='word_1_171' title='bbox 634 2047 728 2076; x_wconf 81' lang='grc' dir='ltr'><strong>που</strong></span> <span class='ocrx_word' id='word_1_172' title='bbox 785 2029 934 2077; x_wconf 75' lang='grc' dir='ltr'><em>ἐδόκει</em></span> 
     </span>
     <span class='ocr_line' id='line_1_23' title="bbox 130 2085 935 2147; baseline 0 -15"><span class='ocrx_word' id='word_1_173' title='bbox 130 2085 375 2147; x_wconf 76' lang='grc' dir='ltr'><em>τεκμήριον</em></span> <span class='ocrx_word' id='word_1_174' title='bbox 425 2087 568 2145; x_wconf 85' lang='grc' dir='ltr'><em>εἶναι]</em></span> <span class='ocrx_word' id='word_1_175' title='bbox 626 2090 935 2145; x_wconf 75' lang='lat' dir='ltr'><strong>Imperfectum</strong></span> 
     </span>
     <span class='ocr_line' id='line_1_24' title="bbox 133 2143 933 2202; baseline 0 -13"><span class='ocrx_word' id='word_1_176' title='bbox 133 2143 283 2190; x_wconf 74' lang='grc' dir='ltr'><em>ἐδόκει</em></span> <span class='ocrx_word' id='word_1_177' title='bbox 300 2146 478 2202; x_wconf 75' lang='lat' dir='ltr'><strong>respicit</strong></span> <span class='ocrx_word' id='word_1_178' title='bbox 499 2147 554 2190; x_wconf 83' lang='lat' dir='ltr'><strong>ad</strong></span> <span class='ocrx_word' id='word_1_179' title='bbox 573 2161 640 2199; x_wconf 81' lang='lat' dir='ltr'><strong>ea,</strong></span> <span class='ocrx_word' id='word_1_180' title='bbox 671 2161 783 2201; x_wconf 79' lang='lat' dir='ltr'><strong>quae</strong></span> <span class='ocrx_word' id='word_1_181' title='bbox 804 2162 846 2202; x_wconf 89' lang='lat' dir='ltr'><strong>p.</strong></span> <span class='ocrx_word' id='word_1_182' title='bbox 862 2147 933 2189; x_wconf 69' lang='lat'><strong>70.</strong></span> 
     </span>
     <span class='ocr_line' id='line_1_25' title="bbox 133 2203 934 2259; baseline 0.002 -15"><span class='ocrx_word' id='word_1_183' title='bbox 133 2203 182 2244; x_wconf 84' lang='lat' dir='ltr'><strong>G.</strong></span> <span class='ocrx_word' id='word_1_184' title='bbox 208 2204 262 2246; x_wconf 91' lang='lat' dir='ltr'><strong>D.</strong></span> <span class='ocrx_word' id='word_1_185' title='bbox 302 2204 356 2245; x_wconf 88' lang='lat' dir='ltr'><strong>de</strong></span> <span class='ocrx_word' id='word_1_186' title='bbox 382 2204 469 2246; x_wconf 82' lang='lat' dir='ltr'><strong>hac</strong></span> <span class='ocrx_word' id='word_1_187' title='bbox 496 2218 546 2245; x_wconf 85' lang='lat' dir='ltr'><strong>re</strong></span> <span class='ocrx_word' id='word_1_188' title='bbox 575 2204 794 2259; x_wconf 80' lang='lat' dir='ltr'><strong>disputata</strong></span> <span class='ocrx_word' id='word_1_189' title='bbox 821 2208 934 2246; x_wconf 72' lang='lat' dir='ltr'><strong>sunt.</strong></span> 
     </span>
     <span class='ocr_line' id='line_1_26' title="bbox 131 2255 935 2316; baseline 0 -14"><span class='ocrx_word' id='word_1_190' title='bbox 131 2259 301 2302; x_wconf 78' lang='lat' dir='ltr'><strong>Deinde</strong></span> <span class='ocrx_word' id='word_1_191' title='bbox 318 2274 396 2315; x_wconf 88' lang='lat' dir='ltr'><strong>pro</strong></span> <span class='ocrx_word' id='word_1_192' title='bbox 426 2255 541 2304; x_wconf 77' lang='grc' dir='ltr'><em>ὅθεν</em></span> <span class='ocrx_word' id='word_1_193' title='bbox 559 2256 615 2316; x_wconf 85' lang='grc' dir='ltr'><strong>δὴ</strong></span> <span class='ocrx_word' id='word_1_194' title='bbox 638 2257 775 2306; x_wconf 66' lang='grc' dir='ltr'><em>πάλιν</em></span> <span class='ocrx_word' id='word_1_195' title='bbox 793 2259 935 2314; x_wconf 77' lang='grc' dir='ltr'><em>γίγνε-</em></span> 
     </span>
     <span class='ocr_line' id='line_1_27' title="bbox 132 2317 934 2372; baseline 0 -13"><span class='ocrx_word' id='word_1_196' title='bbox 132 2319 249 2359; x_wconf 81' lang='grc' dir='ltr'><em>σθαι</em></span> <span class='ocrx_word' id='word_1_197' title='bbox 272 2317 389 2372; x_wconf 87' lang='lat' dir='ltr'><strong>quod</strong></span> <span class='ocrx_word' id='word_1_198' title='bbox 422 2317 609 2360; x_wconf 81' lang='lat' dir='ltr'><strong>coniecit</strong></span> <span class='ocrx_word' id='word_1_199' title='bbox 641 2317 934 2359; x_wconf 83' lang='lat' dir='ltr'><strong>Heindorf.</strong></span> 
     </span>
     <span class='ocr_line' id='line_1_28' title="bbox 130 2368 938 2429; baseline -0.001 -12"><span class='ocrx_word' id='word_1_200' title='bbox 130 2368 246 2417; x_wconf 74' lang='grc' dir='ltr'><em>ὅθεν</em></span> <span class='ocrx_word' id='word_1_201' title='bbox 269 2375 340 2417; x_wconf 84' lang='grc' dir='ltr'><strong>δεῖ</strong></span> <span class='ocrx_word' id='word_1_202' title='bbox 354 2371 492 2417; x_wconf 78' lang='grc' dir='ltr'><em>πάλιν</em></span> <span class='ocrx_word' id='word_1_203' title='bbox 512 2374 761 2429; x_wconf 74' lang='grc' dir='ltr'><em>γίγνεσθαι,</em></span> <span class='ocrx_word' id='word_1_204' title='bbox 789 2374 834 2415; x_wconf 88' lang='lat' dir='ltr'><strong>id</strong></span> <span class='ocrx_word' id='word_1_205' title='bbox 854 2374 938 2416; x_wconf 75' lang='lat' dir='ltr'><strong>etsi</strong></span> 
     </span>
     <span class='ocr_line' id='line_1_29' title="bbox 130 2430 935 2486; baseline 0 -14"><span class='ocrx_word' id='word_1_206' title='bbox 130 2430 179 2473; x_wconf 88' lang='lat' dir='ltr'><strong>in</strong></span> <span class='ocrx_word' id='word_1_207' title='bbox 205 2431 374 2486; x_wconf 80' lang='lat' dir='ltr'><strong>aliquot</strong></span> <span class='ocrx_word' id='word_1_208' title='bbox 398 2431 522 2473; x_wconf 83' lang='lat' dir='ltr'><strong>codd.</strong></span> <span class='ocrx_word' id='word_1_209' title='bbox 549 2431 762 2486; x_wconf 85' lang='lat' dir='ltr'><strong>scriptum</strong></span> <span class='ocrx_word' id='word_1_210' title='bbox 783 2435 935 2483; x_wconf 81' lang='lat' dir='ltr'><strong>exstat,</strong></span> 
     </span>
     <span class='ocr_line' id='line_1_30' title="bbox 130 2488 937 2542; baseline -0.002 -12"><span class='ocrx_word' id='word_1_211' title='bbox 130 2491 280 2530; x_wconf 79' lang='lat' dir='ltr'><strong>tamen</strong></span> <span class='ocrx_word' id='word_1_212' title='bbox 295 2488 611 2542; x_wconf 84' lang='lat' dir='ltr'><strong>repudiandum</strong></span> <span class='ocrx_word' id='word_1_213' title='bbox 638 2502 753 2531; x_wconf 90' lang='lat' dir='ltr'><strong>nunc</strong></span> <span class='ocrx_word' id='word_1_214' title='bbox 787 2502 937 2529; x_wconf 85' lang='lat' dir='ltr'><strong>cense-</strong></span> 
     </span>
     <span class='ocr_line' id='line_1_31' title="bbox 130 2544 935 2600; baseline -0.002 -13"><span class='ocrx_word' id='word_1_215' title='bbox 130 2557 242 2587; x_wconf 84' lang='lat' dir='ltr'><strong>mus.</strong></span> <span class='ocrx_word' id='word_1_216' title='bbox 298 2545 473 2586; x_wconf 83' lang='lat' dir='ltr'><strong>Etenim</strong></span> <span class='ocrx_word' id='word_1_217' title='bbox 497 2559 632 2600; x_wconf 88' lang='lat' dir='ltr'><strong>quum</strong></span> <span class='ocrx_word' id='word_1_218' title='bbox 659 2544 793 2588; x_wconf 87' lang='lat' dir='ltr'><strong>etiam</strong></span> <span class='ocrx_word' id='word_1_219' title='bbox 820 2545 935 2586; x_wconf 84' lang='lat' dir='ltr'><strong>haec</strong></span> 
     </span>
     <span class='ocr_line' id='line_1_32' title="bbox 131 2600 936 2658; baseline -0.001 -15"><span class='ocrx_word' id='word_1_220' title='bbox 131 2600 180 2643; x_wconf 80' lang='lat' dir='ltr'><strong>in</strong></span> <span class='ocrx_word' id='word_1_221' title='bbox 211 2601 436 2656; x_wconf 72' lang='lat' dir='ltr'><strong>superiore</strong></span> <span class='ocrx_word' id='word_1_222' title='bbox 488 2602 778 2658; x_wconf 79' lang='lat' dir='ltr'><strong>disputatione</strong></span> <span class='ocrx_word' id='word_1_223' title='bbox 815 2615 936 2643; x_wconf 87' lang='lat' dir='ltr'><strong>com-</strong></span> 
     </span>
     <span class='ocr_line' id='line_1_33' title="bbox 131 2658 936 2711; baseline 0.004 -13"><span class='ocrx_word' id='word_1_224' title='bbox 131 2662 373 2700; x_wconf 77' lang='lat' dir='ltr'><strong>memorata</strong></span> <span class='ocrx_word' id='word_1_225' title='bbox 397 2658 508 2711; x_wconf 84' lang='lat' dir='ltr'><strong>sint,</strong></span> <span class='ocrx_word' id='word_1_226' title='bbox 554 2658 799 2700; x_wconf 82' lang='lat' dir='ltr'><strong>necessario</strong></span> <span class='ocrx_word' id='word_1_227' title='bbox 833 2672 936 2701; x_wconf 83' lang='lat' dir='ltr'><strong>ora-</strong></span> 
     </span>
     <span class='ocr_line' id='line_1_34' title="bbox 130 2714 933 2769; baseline 0.002 -14"><span class='ocrx_word' id='word_1_228' title='bbox 130 2714 250 2755; x_wconf 80' lang='lat' dir='ltr'><strong>tione</strong></span> <span class='ocrx_word' id='word_1_229' title='bbox 271 2715 452 2769; x_wconf 82' lang='lat' dir='ltr'><strong>obliqua</strong></span> <span class='ocrx_word' id='word_1_230' title='bbox 466 2716 729 2758; x_wconf 76' lang='lat' dir='ltr'><strong>enuntianda</strong></span> <span class='ocrx_word' id='word_1_231' title='bbox 745 2716 933 2757; x_wconf 78' lang='lat' dir='ltr'><strong>fuerunt.</strong></span> 
     </span>
     <span class='ocr_line' id='line_1_35' title="bbox 131 2770 939 2827; baseline 0.001 -14"><span class='ocrx_word' id='word_1_232' title='bbox 131 2770 255 2813; x_wconf 87' lang='lat' dir='ltr'><strong>Solet</strong></span> <span class='ocrx_word' id='word_1_233' title='bbox 278 2776 426 2814; x_wconf 82' lang='lat' dir='ltr'><strong>autem</strong></span> <span class='ocrx_word' id='word_1_234' title='bbox 444 2771 683 2815; x_wconf 85' lang='lat' dir='ltr'><strong>infinitivus</strong></span> <span class='ocrx_word' id='word_1_235' title='bbox 704 2777 801 2827; x_wconf 87' lang='lat' dir='ltr'><strong>post</strong></span> <span class='ocrx_word' id='word_1_236' title='bbox 820 2773 939 2814; x_wconf 74' lang='lat' dir='ltr'><strong>rela-</strong></span> 
     </span>
     <span class='ocr_line' id='line_1_36' title="bbox 131 2827 934 2883; baseline 0.001 -14"><span class='ocrx_word' id='word_1_237' title='bbox 131 2827 224 2870; x_wconf 80' lang='lat' dir='ltr'><strong>tiva</strong></span> <span class='ocrx_word' id='word_1_238' title='bbox 254 2828 483 2882; x_wconf 79' lang='lat' dir='ltr'><strong>usurpari,</strong></span> <span class='ocrx_word' id='word_1_239' title='bbox 522 2829 601 2872; x_wconf 89' lang='lat' dir='ltr'><strong>ubi</strong></span> <span class='ocrx_word' id='word_1_240' title='bbox 631 2829 749 2870; x_wconf 89' lang='lat' dir='ltr'><strong>idem</strong></span> <span class='ocrx_word' id='word_1_241' title='bbox 785 2843 835 2870; x_wconf 86' lang='lat' dir='ltr'><strong>re</strong></span> <span class='ocrx_word' id='word_1_242' title='bbox 858 2843 934 2883; x_wconf 85' lang='lat' dir='ltr'><strong>per</strong></span> 
     </span>
     <span class='ocr_line' id='line_1_37' title="bbox 131 2884 937 2941; baseline 0.002 -16"><span class='ocrx_word' id='word_1_243' title='bbox 131 2884 470 2926; x_wconf 77' lang='lat' dir='ltr'><strong>demonstrativa</strong></span> <span class='ocrx_word' id='word_1_244' title='bbox 507 2900 708 2941; x_wconf 81' lang='lat' dir='ltr'><strong>expressa</strong></span> <span class='ocrx_word' id='word_1_245' title='bbox 747 2885 937 2940; x_wconf 79' lang='lat' dir='ltr'><strong>requiri-</strong></span> 
     </span>
     <span class='ocr_line' id='line_1_38' title="bbox 131 2941 936 2997; baseline 0.001 -15"><span class='ocrx_word' id='word_1_246' title='bbox 131 2943 218 2983; x_wconf 87' lang='lat' dir='ltr'><strong>tur.</strong></span> <span class='ocrx_word' id='word_1_247' title='bbox 277 2941 407 2995; x_wconf 80' lang='lat' dir='ltr'><strong>Quod</strong></span> <span class='ocrx_word' id='word_1_248' title='bbox 437 2942 613 2997; x_wconf 86' lang='lat' dir='ltr'><strong>quidem</strong></span> <span class='ocrx_word' id='word_1_249' title='bbox 642 2942 689 2985; x_wconf 90' lang='lat' dir='ltr'><strong>in</strong></span> <span class='ocrx_word' id='word_1_250' title='bbox 714 2943 833 2983; x_wconf 86' lang='lat' dir='ltr'><strong>hunc</strong></span> <span class='ocrx_word' id='word_1_251' title='bbox 870 2943 936 2984; x_wconf 90' lang='lat' dir='ltr'><strong>lo-</strong></span> 
     </span>
     <span class='ocr_line' id='line_1_39' title="bbox 132 2995 935 3055; baseline 0.002 -17"><span class='ocrx_word' id='word_1_252' title='bbox 132 3011 235 3038; x_wconf 86' lang='lat' dir='ltr'><strong>cum</strong></span> <span class='ocrx_word' id='word_1_253' title='bbox 260 2998 389 3041; x_wconf 81' lang='lat' dir='ltr'><strong>cadit.</strong></span> <span class='ocrx_word' id='word_1_254' title='bbox 458 2998 572 3042; x_wconf 82' lang='lat' dir='ltr'><strong>Nam</strong></span> <span class='ocrx_word' id='word_1_255' title='bbox 596 2999 676 3042; x_wconf 88' lang='lat' dir='ltr'><strong>ubi</strong></span> <span class='ocrx_word' id='word_1_256' title='bbox 702 3014 782 3055; x_wconf 90' lang='lat' dir='ltr'><strong>pro</strong></span> <span class='ocrx_word' id='word_1_257' title='bbox 820 2995 935 3043; x_wconf 77' lang='grc' dir='ltr'><em>ὅθεν</em></span> 
     </span>
     <span class='ocr_line' id='line_1_40' title="bbox 131 3051 937 3111; baseline 0.002 -16"><span class='ocrx_word' id='word_1_258' title='bbox 131 3051 190 3108; x_wconf 82' lang='grc' dir='ltr'><strong>δή</strong></span> <span class='ocrx_word' id='word_1_259' title='bbox 214 3055 412 3108; x_wconf 80' lang='lat' dir='ltr'><strong>posueris</strong></span> <span class='ocrx_word' id='word_1_260' title='bbox 444 3055 523 3099; x_wconf 81' lang='grc' dir='ltr'><strong>καὶ</strong></span> <span class='ocrx_word' id='word_1_261' title='bbox 550 3053 728 3100; x_wconf 79' lang='grc' dir='ltr'><em>ἐκεῖθεν</em></span> <span class='ocrx_word' id='word_1_262' title='bbox 752 3053 808 3111; x_wconf 84' lang='grc' dir='ltr'><strong>δή</strong></span> <span class='ocrx_word' id='word_1_263' title='bbox 827 3087 840 3109; x_wconf 89' lang='grc'><em>,</em></span> <span class='ocrx_word' id='word_1_264' title='bbox 867 3055 937 3099; x_wconf 82' lang='lat' dir='ltr'><strong>in-</strong></span> 
     </span>
     <span class='ocr_line' id='line_1_41' title="bbox 128 3109 934 3166; baseline 0.007 -15"><span class='ocrx_word' id='word_1_265' title='bbox 128 3109 301 3152; x_wconf 80' lang='lat' dir='ltr'><strong>finitivo</strong></span> <span class='ocrx_word' id='word_1_266' title='bbox 338 3125 446 3166; x_wconf 85' lang='lat' dir='ltr'><strong>opus</strong></span> <span class='ocrx_word' id='word_1_267' title='bbox 491 3127 584 3155; x_wconf 88' lang='lat' dir='ltr'><strong>esse</strong></span> <span class='ocrx_word' id='word_1_268' title='bbox 621 3113 803 3157; x_wconf 82' lang='lat' dir='ltr'><strong>videbis.</strong></span> <span class='ocrx_word' id='word_1_269' title='bbox 869 3113 934 3158; x_wconf 77' lang='lat' dir='ltr'><strong>Cf.</strong></span> 
     </span>
     <span class='ocr_line' id='line_1_42' title="bbox 128 3167 717 3222; baseline 0 -10"><span class='ocrx_word' id='word_1_270' title='bbox 128 3167 285 3212; x_wconf 74' lang='lat' dir='ltr'><strong>Rost.</strong></span> <span class='ocrx_word' id='word_1_271' title='bbox 311 3171 352 3222; x_wconf 85' lang='lat'><strong>§.</strong></span> <span class='ocrx_word' id='word_1_272' title='bbox 380 3168 477 3213; x_wconf 79' lang='grc'><strong>123.</strong></span> <span class='ocrx_word' id='word_1_273' title='bbox 508 3173 655 3212; x_wconf 79' lang='lat' dir='ltr'><strong>annot.</strong></span> <span class='ocrx_word' id='word_1_274' title='bbox 675 3169 717 3212; x_wconf 82' lang='lat'><strong>3.</strong></span> 
     </span>
    </p>

    <p class='ocr_par' dir='ltr' id='par_1_8' title="bbox 130 3221 938 3392">
     <span class='ocr_line' id='line_1_43' title="bbox 187 3221 938 3279; baseline 0.004 -14"><span class='ocrx_word' id='word_1_275' title='bbox 187 3224 295 3279; x_wconf 81' lang='lat' dir='ltr'><strong>Cap.</strong></span> <span class='ocrx_word' id='word_1_276' title='bbox 331 3225 467 3268; x_wconf 82' lang='lat' dir='ltr'><strong>XVII.</strong></span> <span class='ocrx_word' id='word_1_277' title='bbox 529 3222 603 3270; x_wconf 77' lang='grc' dir='ltr'><em>ὅτι</em></span> <span class='ocrx_word' id='word_1_278' title='bbox 635 3222 734 3270; x_wconf 72' lang='grc' dir='ltr'><strong>οὐδ’</strong></span> <span class='ocrx_word' id='word_1_279' title='bbox 765 3221 938 3276; x_wconf 75' lang='grc' dir='ltr'><em>ἀδίκως</em></span> 
     </span>
     <span class='ocr_line' id='line_1_44' title="bbox 130 3275 938 3341; baseline 0.004 -19"><span class='ocrx_word' id='word_1_280' title='bbox 130 3275 513 3341; x_wconf 73' lang='grc' dir='ltr'><em>ὦμολογήκαμεν]</em></span> <span class='ocrx_word' id='word_1_281' title='bbox 553 3284 612 3327; x_wconf 89' lang='grc' dir='ltr'><strong>Η.</strong></span> <span class='ocrx_word' id='word_1_282' title='bbox 643 3298 682 3326; x_wconf 86' lang='lat' dir='ltr'><strong>e.</strong></span> <span class='ocrx_word' id='word_1_283' title='bbox 715 3297 818 3327; x_wconf 87' lang='lat' dir='ltr'><strong>non</strong></span> <span class='ocrx_word' id='word_1_284' title='bbox 847 3288 938 3325; x_wconf 85' lang='lat' dir='ltr'><strong>te-</strong></span> 
     </span>
     <span class='ocr_line' id='line_1_45' title="bbox 131 3339 936 3392; baseline 0.007 -15"><span class='ocrx_word' id='word_1_285' title='bbox 131 3349 305 3391; x_wconf 80' lang='lat' dir='ltr'><strong>mere,</strong></span> <span class='ocrx_word' id='word_1_286' title='bbox 364 3344 472 3381; x_wconf 88' lang='lat' dir='ltr'><strong>no‘n</strong></span> <span class='ocrx_word' id='word_1_287' title='bbox 525 3339 772 3392; x_wconf 82' lang='lat' dir='ltr'><strong>iniuria,</strong></span> <span class='ocrx_word' id='word_1_288' title='bbox 826 3354 936 3382; x_wconf 87' lang='lat' dir='ltr'><strong>non</strong></span> 
     </span>
    </p>
   </div>
   <div class='ocr_carea' id='block_1_7' title="bbox 132 3392 936 3443">
    <p class='ocr_par' dir='ltr' id='par_1_9' title="bbox 132 3392 936 3443">
     <span class='ocr_line' id='line_1_46' title="bbox 132 3392 936 3443; baseline 0.007 -7"><span class='ocrx_word' id='word_1_289' title='bbox 132 3392 261 3437; x_wconf 81' lang='lat' dir='ltr'><strong>sine</strong></span> <span class='ocrx_word' id='word_1_290' title='bbox 328 3408 510 3441; x_wconf 75' lang='lat' dir='ltr'><strong>causa.</strong></span> <span class='ocrx_word' id='word_1_291' title='bbox 603 3398 773 3443; x_wconf 81' lang='lat' dir='ltr'><strong>Eodem</strong></span> <span class='ocrx_word' id='word_1_292' title='bbox 804 3398 936 3442; x_wconf 85' lang='lat' dir='ltr'><strong>modo</strong></span> 
     </span>
    </p>
   </div>
   <div class='ocr_carea' id='block_1_8' title="bbox 528 1889 1254 1951">
    <p class='ocr_par' dir='ltr' id='par_1_10' title="bbox 528 1889 1254 1951">
     <span class='ocr_line' id='line_1_47' title="bbox 528 1889 1254 1951; baseline -0.001 -14"><span class='ocrx_word' id='word_1_293' title='bbox 528 1889 851 1949; x_wconf 72' lang='grc' dir='ltr'><em>ἀνακάμπτοι]</em></span> <span class='ocrx_word' id='word_1_294' title='bbox 882 1895 930 1938; x_wconf 87' lang='lat' dir='ltr'><strong>V.</strong></span> <span class='ocrx_word' id='word_1_295' title='bbox 963 1889 1254 1951; x_wconf 78' lang='grc' dir='ltr'><em>ἄνακάμπτῃ.</em></span> 
     </span>
    </p>
   </div>
   <div class='ocr_carea' id='block_1_9' title="bbox 998 2030 1861 3455">
    <p class='ocr_par' dir='ltr' id='par_1_11' title="bbox 998 2030 1809 2768">
     <span class='ocr_line' id='line_1_48' title="bbox 998 2030 1806 2088; baseline -0.001 -11"><span class='ocrx_word' id='word_1_296' title='bbox 998 2033 1134 2077; x_wconf 80' lang='lat' dir='ltr'><strong>etiam</strong></span> <span class='ocrx_word' id='word_1_297' title='bbox 1156 2032 1346 2083; x_wconf 80' lang='grc' dir='ltr'><em>δικαίως</em></span> <span class='ocrx_word' id='word_1_298' title='bbox 1361 2030 1502 2086; x_wconf 71' lang='grc' dir='ltr'><em>λέγειν</em></span> <span class='ocrx_word' id='word_1_299' title='bbox 1525 2036 1590 2076; x_wconf 83' lang='lat' dir='ltr'><strong>est</strong></span> <span class='ocrx_word' id='word_1_300' title='bbox 1610 2047 1635 2075; x_wconf 86' lang='lat' dir='ltr'><strong>r</strong></span> <span class='ocrx_word' id='word_1_301' title='bbox 1649 2047 1674 2076; x_wconf 90' lang='lat' dir='ltr'><strong>e</strong></span> <span class='ocrx_word' id='word_1_302' title='bbox 1687 2048 1711 2075; x_wconf 90' lang='lat' dir='ltr'><strong>c</strong></span> <span class='ocrx_word' id='word_1_303' title='bbox 1727 2036 1806 2088; x_wconf 83' lang='lat' dir='ltr'><strong>te,</strong></span> 
     </span>
     <span class='ocr_line' id='line_1_49' title="bbox 999 2090 1806 2143; baseline 0.002 -10"><span class='ocrx_word' id='word_1_304' title='bbox 999 2106 1027 2133; x_wconf 90' lang='lat' dir='ltr'><strong>n</strong></span> <span class='ocrx_word' id='word_1_305' title='bbox 1041 2105 1108 2133; x_wconf 91' lang='lat' dir='ltr'><strong>on</strong></span> <span class='ocrx_word' id='word_1_306' title='bbox 1134 2094 1345 2132; x_wconf 87' lang='lat' dir='ltr'><strong>temere</strong></span> <span class='ocrx_word' id='word_1_307' title='bbox 1374 2090 1462 2132; x_wconf 87' lang='lat' dir='ltr'><strong>dic</strong></span> <span class='ocrx_word' id='word_1_308' title='bbox 1476 2091 1806 2143; x_wconf 78' lang='lat' dir='ltr'><strong>ere,.c.xvnl.</strong></span> 
     </span>
     <span class='ocr_line' id='line_1_50' title="bbox 999 2142 1809 2203; baseline 0.005 -15"><span class='ocrx_word' id='word_1_309' title='bbox 999 2162 1079 2203; x_wconf 86' lang='lat' dir='ltr'><strong>pro</strong></span> <span class='ocrx_word' id='word_1_310' title='bbox 1102 2161 1188 2202; x_wconf 86' lang='lat' dir='ltr'><strong>quo</strong></span> <span class='ocrx_word' id='word_1_311' title='bbox 1209 2162 1247 2189; x_wconf 87' lang='lat' dir='ltr'><strong>c.</strong></span> <span class='ocrx_word' id='word_1_312' title='bbox 1271 2147 1367 2190; x_wconf 81' lang='lat' dir='ltr'><strong>XX.</strong></span> <span class='ocrx_word' id='word_1_313' title='bbox 1394 2147 1554 2189; x_wconf 89' lang='lat' dir='ltr'><strong>dicitur</strong></span> <span class='ocrx_word' id='word_1_314' title='bbox 1587 2142 1756 2203; x_wconf 72' lang='grc' dir='ltr'><em>ὀρθῶς.</em></span> <span class='ocrx_word' id='word_1_315' title='bbox 1777 2170 1809 2181; x_wconf 90' lang='lat'><strong>·-</strong></span> 
     </span>
     <span class='ocr_line' id='line_1_51' title="bbox 999 2199 1806 2258; baseline 0.002 -12"><span class='ocrx_word' id='word_1_316' title='bbox 999 2204 1108 2246; x_wconf 83' lang='lat' dir='ltr'><strong>Mox</strong></span> <span class='ocrx_word' id='word_1_317' title='bbox 1143 2199 1490 2247; x_wconf 81' lang='grc' dir='ltr'><em>ἀνταποδοῦναι</em></span> <span class='ocrx_word' id='word_1_318' title='bbox 1514 2203 1707 2258; x_wconf 83' lang='lat' dir='ltr'><strong>positum</strong></span> <span class='ocrx_word' id='word_1_319' title='bbox 1740 2207 1806 2248; x_wconf 78' lang='lat' dir='ltr'><strong>est</strong></span> 
     </span>
     <span class='ocr_line' id='line_1_52' title="bbox 999 2261 1809 2315; baseline -0.001 -11"><span class='ocrx_word' id='word_1_320' title='bbox 999 2261 1274 2304; x_wconf 81' lang='lat' dir='ltr'><strong>intransitive</strong></span> <span class='ocrx_word' id='word_1_321' title='bbox 1287 2293 1300 2313; x_wconf 86' lang='lat'>‚</span> <span class='ocrx_word' id='word_1_322' title='bbox 1330 2261 1384 2303; x_wconf 87' lang='lat' dir='ltr'><strong>de</strong></span> <span class='ocrx_word' id='word_1_323' title='bbox 1411 2275 1498 2315; x_wconf 89' lang='lat' dir='ltr'><strong>quo</strong></span> <span class='ocrx_word' id='word_1_324' title='bbox 1528 2274 1612 2302; x_wconf 84' lang='lat' dir='ltr'><strong>usu</strong></span> <span class='ocrx_word' id='word_1_325' title='bbox 1643 2275 1686 2303; x_wconf 85' lang='lat' dir='ltr'><strong>v.</strong></span> <span class='ocrx_word' id='word_1_326' title='bbox 1709 2262 1745 2303; x_wconf 88' lang='lat' dir='ltr'>V</span> <span class='ocrx_word' id='word_1_327' title='bbox 1759 2261 1809 2303; x_wconf 84' lang='lat' dir='ltr'><strong>i-</strong></span> 
     </span>
     <span class='ocr_line' id='line_1_53' title="bbox 1001 2316 1807 2375; baseline 0 -15"><span class='ocrx_word' id='word_1_328' title='bbox 1001 2333 1033 2375; x_wconf 87' lang='lat' dir='ltr'>g</span> <span class='ocrx_word' id='word_1_329' title='bbox 1044 2333 1068 2360; x_wconf 91' lang='lat' dir='ltr'><strong>e</strong></span> <span class='ocrx_word' id='word_1_330' title='bbox 1078 2333 1115 2362; x_wconf 89' lang='lat' dir='ltr'><strong>r.</strong></span> <span class='ocrx_word' id='word_1_331' title='bbox 1162 2334 1204 2374; x_wconf 87' lang='lat' dir='ltr'><strong>p.</strong></span> <span class='ocrx_word' id='word_1_332' title='bbox 1230 2316 1327 2360; x_wconf 81' lang='lat'><strong>186.</strong></span> <span class='ocrx_word' id='word_1_333' title='bbox 1392 2318 1507 2360; x_wconf 80' lang='lat' dir='ltr'><strong>Num</strong></span> <span class='ocrx_word' id='word_1_334' title='bbox 1544 2331 1696 2359; x_wconf 89' lang='lat' dir='ltr'><strong>sensus</strong></span> <span class='ocrx_word' id='word_1_335' title='bbox 1728 2316 1807 2360; x_wconf 83' lang='lat' dir='ltr'><strong>hic</strong></span> 
     </span>
     <span class='ocr_line' id='line_1_54' title="bbox 999 2374 1808 2418; baseline -0.001 0"><span class='ocrx_word' id='word_1_336' title='bbox 999 2380 1086 2418; x_wconf 87' lang='lat' dir='ltr'><strong>est:</strong></span> <span class='ocrx_word' id='word_1_337' title='bbox 1144 2375 1197 2418; x_wconf 88' lang='lat' dir='ltr'><strong>si</strong></span> <span class='ocrx_word' id='word_1_338' title='bbox 1224 2388 1313 2416; x_wconf 85' lang='lat' dir='ltr'><strong>res</strong></span> <span class='ocrx_word' id='word_1_339' title='bbox 1354 2374 1698 2417; x_wconf 84' lang='lat' dir='ltr'><strong>contrariae</strong></span> <span class='ocrx_word' id='word_1_340' title='bbox 1725 2374 1808 2417; x_wconf 86' lang='lat' dir='ltr'><strong>si-</strong></span> 
     </span>
     <span class='ocr_line' id='line_1_55' title="bbox 998 2431 1807 2486; baseline -0.004 -11"><span class='ocrx_word' id='word_1_341' title='bbox 998 2432 1059 2475; x_wconf 84' lang='lat' dir='ltr'><strong>bi</strong></span> <span class='ocrx_word' id='word_1_342' title='bbox 1087 2445 1193 2473; x_wconf 89' lang='lat' dir='ltr'><strong>non</strong></span> <span class='ocrx_word' id='word_1_343' title='bbox 1232 2431 1316 2473; x_wconf 81' lang='lat' dir='ltr'><strong>ita</strong></span> <span class='ocrx_word' id='word_1_344' title='bbox 1356 2445 1524 2486; x_wconf 86' lang='lat' dir='ltr'><strong>respo</strong></span> <span class='ocrx_word' id='word_1_345' title='bbox 1540 2431 1807 2484; x_wconf 85' lang='lat' dir='ltr'><strong>nderent,</strong></span> 
     </span>
     <span class='ocr_line' id='line_1_56' title="bbox 998 2487 1808 2532; baseline -0.001 -2"><span class='ocrx_word' id='word_1_346' title='bbox 998 2493 1056 2532; x_wconf 89' lang='lat' dir='ltr'><strong>ut</strong></span> <span class='ocrx_word' id='word_1_347' title='bbox 1082 2492 1274 2530; x_wconf 79' lang='lat' dir='ltr'><strong>mutua</strong></span> <span class='ocrx_word' id='word_1_348' title='bbox 1301 2492 1453 2530; x_wconf 79' lang='lat' dir='ltr'><strong>esset</strong></span> <span class='ocrx_word' id='word_1_349' title='bbox 1481 2501 1669 2530; x_wconf 80' lang='lat' dir='ltr'><strong>earum</strong></span> <span class='ocrx_word' id='word_1_350' title='bbox 1699 2487 1808 2530; x_wconf 90' lang='lat' dir='ltr'><strong>ori-</strong></span> 
     </span>
     <span class='ocr_line' id='line_1_57' title="bbox 1000 2543 1806 2601; baseline 0.001 -14"><span class='ocrx_word' id='word_1_351' title='bbox 1000 2560 1097 2601; x_wconf 84' lang='lat' dir='ltr'><strong>go3</strong></span> <span class='ocrx_word' id='word_1_352' title='bbox 1138 2545 1188 2587; x_wconf 89' lang='lat' dir='ltr'><strong>si</strong></span> <span class='ocrx_word' id='word_1_353' title='bbox 1217 2543 1524 2601; x_wconf 79' lang='lat' dir='ltr'><strong>generatio</strong></span> <span class='ocrx_word' id='word_1_354' title='bbox 1554 2559 1660 2586; x_wconf 90' lang='lat' dir='ltr'><strong>non</strong></span> <span class='ocrx_word' id='word_1_355' title='bbox 1689 2543 1806 2588; x_wconf 79' lang='lat' dir='ltr'><strong>nisi</strong></span> 
     </span>
     <span class='ocr_line' id='line_1_58' title="bbox 998 2601 1806 2656; baseline 0 -12"><span class='ocrx_word' id='word_1_356' title='bbox 998 2606 1162 2644; x_wconf 83' lang='lat' dir='ltr'><strong>recta</strong></span> <span class='ocrx_word' id='word_1_357' title='bbox 1205 2607 1362 2644; x_wconf 88' lang='lat' dir='ltr'><strong>esset</strong></span> <span class='ocrx_word' id='word_1_358' title='bbox 1410 2605 1463 2644; x_wconf 89' lang='lat' dir='ltr'><strong>et</strong></span> <span class='ocrx_word' id='word_1_359' title='bbox 1514 2601 1806 2656; x_wconf 78' lang='lat' dir='ltr'><strong>simplex,</strong></span> 
     </span>
     <span class='ocr_line' id='line_1_59' title="bbox 999 2658 1808 2710; baseline -0.001 -10"><span class='ocrx_word' id='word_1_360' title='bbox 999 2664 1060 2701; x_wconf 89' lang='lat' dir='ltr'><strong>ut</strong></span> <span class='ocrx_word' id='word_1_361' title='bbox 1090 2658 1297 2701; x_wconf 83' lang='lat' dir='ltr'><strong>mortis</strong></span> <span class='ocrx_word' id='word_1_362' title='bbox 1325 2673 1351 2700; x_wconf 90' lang='lat' dir='ltr'><strong>e</strong></span> <span class='ocrx_word' id='word_1_363' title='bbox 1378 2658 1520 2710; x_wconf 83' lang='lat' dir='ltr'><strong>vita,</strong></span> <span class='ocrx_word' id='word_1_364' title='bbox 1548 2658 1692 2701; x_wconf 89' lang='lat' dir='ltr'><strong>mori</strong></span> <span class='ocrx_word' id='word_1_365' title='bbox 1708 2671 1808 2700; x_wconf 85' lang='lat' dir='ltr'><strong>un-</strong></span> 
     </span>
     <span class='ocr_line' id='line_1_60' title="bbox 1001 2716 1480 2768; baseline 0 -10"><span class='ocrx_word' id='word_1_366' title='bbox 1001 2716 1088 2768; x_wconf 85' lang='lat' dir='ltr'><strong>do,</strong></span> <span class='ocrx_word' id='word_1_367' title='bbox 1131 2730 1235 2757; x_wconf 90' lang='lat' dir='ltr'><strong>non</strong></span> <span class='ocrx_word' id='word_1_368' title='bbox 1266 2719 1480 2758; x_wconf 82' lang='lat' dir='ltr'><strong>contra.</strong></span> 
     </span>
    </p>

    <p class='ocr_par' dir='ltr' id='par_1_12' title="bbox 999 2767 1861 3455">
     <span class='ocr_line' id='line_1_61' title="bbox 1055 2767 1807 2827; baseline -0.001 -12"><span class='ocrx_word' id='word_1_369' title='bbox 1055 2771 1134 2815; x_wconf 77' lang='grc' dir='ltr'><strong>καὶ</strong></span> <span class='ocrx_word' id='word_1_370' title='bbox 1162 2769 1224 2827; x_wconf 87' lang='grc' dir='ltr'><strong>μὴ</strong></span> <span class='ocrx_word' id='word_1_371' title='bbox 1256 2767 1387 2815; x_wconf 62' lang='lat' dir='ltr'><strong>«ivan.</strong></span> <span class='ocrx_word' id='word_1_372' title='bbox 1418 2795 1447 2803; x_wconf 93' lang='lat'><em>-</em></span> <span class='ocrx_word' id='word_1_373' title='bbox 1474 2767 1662 2826; x_wconf 82' lang='grc' dir='ltr'><em>καμπὴν</em></span> <span class='ocrx_word' id='word_1_374' title='bbox 1700 2786 1807 2815; x_wconf 79' lang='grc' dir='ltr'><em>ποι·-</em></span> 
     </span>
     <span class='ocr_line' id='line_1_62' title="bbox 1001 2828 1808 2881; baseline -0.001 -8"><span class='ocrx_word' id='word_1_375' title='bbox 1001 2832 1100 2873; x_wconf 85' lang='grc' dir='ltr'><em>οῖτο</em></span> <span class='ocrx_word' id='word_1_376' title='bbox 1115 2833 1135 2881; x_wconf 91' lang='grc'>]</span> <span class='ocrx_word' id='word_1_377' title='bbox 1176 2831 1564 2871; x_wconf 79' lang='lat' dir='ltr'><strong>Demonstraturus</strong></span> <span class='ocrx_word' id='word_1_378' title='bbox 1605 2828 1808 2872; x_wconf 75' lang='lat' dir='ltr'><strong>Socrates</strong></span> 
     </span>
     <span class='ocr_line' id='line_1_63' title="bbox 1000 2884 1810 2938; baseline -0.002 -10"><span class='ocrx_word' id='word_1_379' title='bbox 1000 2886 1219 2928; x_wconf 82' lang='lat' dir='ltr'><strong>contraria</strong></span> <span class='ocrx_word' id='word_1_380' title='bbox 1239 2885 1348 2938; x_wconf 67' lang='lat' dir='ltr'><strong>{fieri</strong></span> <span class='ocrx_word' id='word_1_381' title='bbox 1385 2899 1437 2927; x_wconf 78' lang='lat' dir='ltr'><strong>ex</strong></span> <span class='ocrx_word' id='word_1_382' title='bbox 1472 2884 1716 2937; x_wconf 83' lang='lat' dir='ltr'><strong>contrariis,</strong></span> <span class='ocrx_word' id='word_1_383' title='bbox 1743 2889 1810 2938; x_wconf 79' lang='lat' dir='ltr'><strong>ut,</strong></span> 
     </span>
     <span class='ocr_line' id='line_1_64' title="bbox 1000 2942 1810 2998; baseline 0.002 -14"><span class='ocrx_word' id='word_1_384' title='bbox 1000 2943 1040 2985; x_wconf 89' lang='lat' dir='ltr'><strong>si</strong></span> <span class='ocrx_word' id='word_1_385' title='bbox 1055 2944 1215 2984; x_wconf 90' lang='lat' dir='ltr'><strong>horum</strong></span> <span class='ocrx_word' id='word_1_386' title='bbox 1229 2945 1416 2985; x_wconf 78' lang='lat' dir='ltr'><strong>alterum</strong></span> <span class='ocrx_word' id='word_1_387' title='bbox 1430 2942 1586 2998; x_wconf 80' lang='lat' dir='ltr'><strong>gignat</strong></span> <span class='ocrx_word' id='word_1_388' title='bbox 1605 2943 1810 2994; x_wconf 78' lang='lat' dir='ltr'><strong>alterum,</strong></span> 
     </span>
     <span class='ocr_line' id='line_1_65' title="bbox 999 2999 1810 3054; baseline -0.002 -12"><span class='ocrx_word' id='word_1_389' title='bbox 999 3001 1086 3042; x_wconf 85' lang='lat' dir='ltr'><strong>hoe</strong></span> <span class='ocrx_word' id='word_1_390' title='bbox 1110 3000 1271 3042; x_wconf 90' lang='lat' dir='ltr'><strong>iterum</strong></span> <span class='ocrx_word' id='word_1_391' title='bbox 1303 2999 1381 3041; x_wconf 78' lang='lat' dir='ltr'><strong>fiat</strong></span> <span class='ocrx_word' id='word_1_392' title='bbox 1410 2999 1676 3054; x_wconf 86' lang='lat' dir='ltr'><strong>principium</strong></span> <span class='ocrx_word' id='word_1_393' title='bbox 1697 2999 1810 3041; x_wconf 84' lang='lat' dir='ltr'><strong>alte-</strong></span> 
     </span>
     <span class='ocr_line' id='line_1_66' title="bbox 999 3055 1808 3111; baseline 0 -13"><span class='ocrx_word' id='word_1_394' title='bbox 999 3057 1108 3108; x_wconf 87' lang='lat' dir='ltr'><strong>rius,</strong></span> <span class='ocrx_word' id='word_1_395' title='bbox 1122 3071 1259 3111; x_wconf 80' lang='lat' dir='ltr'><strong>eaque</strong></span> <span class='ocrx_word' id='word_1_396' title='bbox 1276 3056 1444 3099; x_wconf 77' lang='lat' dir='ltr'><strong>ratione</strong></span> <span class='ocrx_word' id='word_1_397' title='bbox 1463 3055 1680 3101; x_wconf 83' lang='lat' dir='ltr'><strong>disiuncta</strong></span> <span class='ocrx_word' id='word_1_398' title='bbox 1700 3069 1808 3111; x_wconf 78' lang='lat' dir='ltr'><strong>qua·-</strong></span> 
     </span>
     <span class='ocr_line' id='line_1_67' title="bbox 1000 3113 1810 3165; baseline -0.004 -9"><span class='ocrx_word' id='word_1_399' title='bbox 1000 3114 1040 3157; x_wconf 89' lang='lat' dir='ltr'><strong>si</strong></span> <span class='ocrx_word' id='word_1_400' title='bbox 1069 3113 1116 3156; x_wconf 86' lang='lat' dir='ltr'><strong>in</strong></span> <span class='ocrx_word' id='word_1_401' title='bbox 1148 3116 1302 3155; x_wconf 87' lang='lat' dir='ltr'><strong>orbem</strong></span> <span class='ocrx_word' id='word_1_402' title='bbox 1336 3113 1514 3156; x_wconf 81' lang='lat' dir='ltr'><strong>redeant</strong></span> <span class='ocrx_word' id='word_1_403' title='bbox 1531 3146 1544 3165; x_wconf 95' lang='lat'>‚</span> <span class='ocrx_word' id='word_1_404' title='bbox 1605 3126 1692 3155; x_wconf 89' lang='lat' dir='ltr'><strong>non</strong></span> <span class='ocrx_word' id='word_1_405' title='bbox 1729 3124 1810 3155; x_wconf 78' lang='lat' dir='ltr'><strong>au·</strong></span> 
     </span>
     <span class='ocr_line' id='line_1_68' title="bbox 999 3167 1811 3224; baseline -0.002 -12"><span class='ocrx_word' id='word_1_406' title='bbox 999 3175 1091 3212; x_wconf 83' lang='lat' dir='ltr'><strong>tem</strong></span> <span class='ocrx_word' id='word_1_407' title='bbox 1114 3176 1234 3212; x_wconf 84' lang='lat' dir='ltr'><strong>recta</strong></span> <span class='ocrx_word' id='word_1_408' title='bbox 1266 3170 1385 3212; x_wconf 78' lang='lat' dir='ltr'><strong>linea</strong></span> <span class='ocrx_word' id='word_1_409' title='bbox 1433 3169 1668 3224; x_wconf 79' lang='lat' dir='ltr'><strong>procedant</strong></span> <span class='ocrx_word' id='word_1_410' title='bbox 1680 3201 1693 3221; x_wconf 91' lang='lat'><strong>‚</strong></span> <span class='ocrx_word' id='word_1_411' title='bbox 1721 3167 1811 3211; x_wconf 81' lang='lat' dir='ltr'><strong>uti-</strong></span> 
     </span>
     <span class='ocr_line' id='line_1_69' title="bbox 1002 3224 1861 3282; baseline -0.003 -13"><span class='ocrx_word' id='word_1_412' title='bbox 1002 3231 1073 3269; x_wconf 85' lang='lat' dir='ltr'><strong>tur</strong></span> <span class='ocrx_word' id='word_1_413' title='bbox 1087 3227 1234 3269; x_wconf 78' lang='lat' dir='ltr'><strong>verbis</strong></span> <span class='ocrx_word' id='word_1_414' title='bbox 1258 3241 1285 3269; x_wconf 78' lang='lat' dir='ltr'><strong>a</strong></span> <span class='ocrx_word' id='word_1_415' title='bbox 1305 3226 1559 3269; x_wconf 76' lang='lat' dir='ltr'><strong>cursoribus</strong></span> <span class='ocrx_word' id='word_1_416' title='bbox 1578 3232 1621 3268; x_wconf 88' lang='lat' dir='ltr'><strong>et</strong></span> <span class='ocrx_word' id='word_1_417' title='bbox 1641 3224 1812 3282; x_wconf 79' lang='lat' dir='ltr'><strong>aurigis</strong></span> <span class='ocrx_word' id='word_1_418' title='bbox 1858 3243 1861 3246; x_wconf 54' lang='lat'><strong>⁴</strong></span> 
     </span>
     <span class='ocr_line' id='line_1_70' title="bbox 1003 3277 1726 3326; baseline 0.001 -1"><span class='ocrx_word' id='word_1_419' title='bbox 1003 3283 1228 3326; x_wconf 78' lang='lat' dir='ltr'><strong>desumtis.</strong></span> <span class='ocrx_word' id='word_1_420' title='bbox 1717 3277 1726 3292; x_wconf 83' lang='lat'><strong><em>&#39;</em></strong></span> 
     </span>
     <span class='ocr_line' id='line_1_71' title="bbox 1001 3337 1812 3394; baseline -0.002 -11"><span class='ocrx_word' id='word_1_421' title='bbox 1001 3337 1249 3394; x_wconf 80' lang='grc' dir='ltr'><em>κάμπτειν,</em></span> <span class='ocrx_word' id='word_1_422' title='bbox 1291 3338 1386 3393; x_wconf 89' lang='lat' dir='ltr'><strong>qui</strong></span> <span class='ocrx_word' id='word_1_423' title='bbox 1425 3339 1507 3382; x_wconf 89' lang='lat' dir='ltr'><strong>cir</strong></span> <span class='ocrx_word' id='word_1_424' title='bbox 1520 3353 1581 3381; x_wconf 79' lang='lat' dir='ltr'><strong>cn</strong></span> <span class='ocrx_word' id='word_1_425' title='bbox 1607 3354 1653 3381; x_wconf 86' lang='lat' dir='ltr'><strong>m</strong></span> <span class='ocrx_word' id='word_1_426' title='bbox 1667 3343 1812 3381; x_wconf 76' lang='lat' dir='ltr'><strong>etam</strong></span> 
     </span>
     <span class='ocr_line' id='line_1_72' title="bbox 1002 3391 1814 3455; baseline -0.002 -13"><span class='ocrx_word' id='word_1_427' title='bbox 1002 3410 1227 3442; x_wconf 74' lang='lat' dir='ltr'><strong>currum</strong></span> <span class='ocrx_word' id='word_1_428' title='bbox 1254 3397 1367 3440; x_wconf 74' lang='lat' dir='ltr'><strong>fleo</strong></span> <span class='ocrx_word' id='word_1_429' title='bbox 1380 3395 1475 3449; x_wconf 84' lang='lat' dir='ltr'><strong>tit3</strong></span> <span class='ocrx_word' id='word_1_430' title='bbox 1502 3391 1691 3455; x_wconf 82' lang='grc' dir='ltr'><em>καμπὴν</em></span> <span class='ocrx_word' id='word_1_431' title='bbox 1710 3410 1814 3441; x_wconf 76' lang='grc' dir='ltr'><em>ποι-</em></span> 
     </span>
    </p>
   </div>
   <div class='ocr_carea' id='block_1_10' title="bbox 1296 3282 1881 3326">
    <p class='ocr_par' dir='ltr' id='par_1_13' title="bbox 1296 3282 1881 3326">
     <span class='ocr_line' id='line_1_73' title="bbox 1296 3282 1881 3326; baseline -0.003 0"><span class='ocrx_word' id='word_1_432' title='bbox 1296 3282 1473 3326; x_wconf 79' lang='lat' dir='ltr'><strong>Dicitur</strong></span> <span class='ocrx_word' id='word_1_433' title='bbox 1522 3287 1670 3325; x_wconf 78' lang='lat' dir='ltr'><strong>autem</strong></span> <span class='ocrx_word' id='word_1_434' title='bbox 1701 3297 1813 3325; x_wconf 82' lang='grc' dir='ltr'><em>ανα-</em></span> <span class='ocrx_word' id='word_1_435' title='bbox 1866 3309 1881 3324; x_wconf 56' lang='grc' dir='ltr'><strong>ι.</strong></span> 
     </span>
    </p>
   </div>
  </div>
 </body>
</html>
