2040 3646
702 207 1772 290 SYM9031UM.133

82 340 191 403 λύν
224 341 419 423 ψόφον
451 349 752 423 παρασχεῖν
796 341 874 418 ὥς
907 348 1234 423 κωμαστῶν,
1299 343 1405 410 καὶ
1433 342 1765 429 αυλητρίδος

81 425 276 506 φωνὴν
312 426 551 490 ἀκούειν.
633 425 732 488 τὸν
779 452 890 490 ουν
922 427 1231 510 Ἀγάθωνα,
1287 433 1526 517 Παῖδες,
1568 431 1761 511 φάναι,
1781 433 1842 497 D

78 510 157 573 οὐ
184 513 490 584 exsufflas,-
529 513 623 574 καὶ
647 511 741 574 ἐὰν
763 514 863 592 μέν
883 537 964 589 τις
985 520 1095 574 τῶν
1119 514 1486 595 ἐπιτηδείων’
1453 541 1508 593 ῃ,
1533 522 1760 578 καλεῖτε·

78 598 128 658 εἰ
155 598 214 656 δὲ
239 622 332 677 μη,
346 595 585 677 λεγετε,
564 594 647 658 ότι
671 596 745 658 02'
768 599 1013 676 πίνομεν,
1041 596 1183 659 αλλα
1205 597 1608 677 α’ναπαυόμεθα
1629 599 1758 683 ἤδη.

79 682 195 741 Καὶ
225 680 300 742 οὐ
322 680 474 742 πολὺ
506 679 740 760 ὕστερον
775 681 1122 761 Ἀλκιβιάδου
1155 681 1260 764 τὴν
1296 682 1497 768 φωνὴν
1533 683 1760 747 ακούειν

77 766 134 825 ἐν
153 771 223 843 τῇ
249 763 396 844 αὐλῇ
419 765 646 844 σφόδρα
670 769 981 844 μεθύοντος
1007 770 1102 827 καὶ
1137 769 1273 848 μέγα
1310 773 1581 846 βοῶντος,
1621 771 1758 849 ἐρω-

18 898 21 902 ,
74 855 275 923 τῶντος
297 848 445 910 ὅπου
440 848 710 953 Ἀγάθων
737 853 829 911 καὶ
851 850 1232 926 κελεύοντος”
1195 876 1344 932 αγειν
1368 851 1498 933 παρ’
1510 852 1758 934 Ἀγάθω-

73 958 158 995 να.
215 932 366 1014 ἄγειν
387 924 495 995 οὖν
522 932 694 996 αὐτὸν
717 933 869 1013 παρὰ
895 942 1046 1015 σφᾶς
1071 936 1173 1018 τήν
1192 961 1247 996 τε
1281 936 1583 1019 αὐλητρίδα
1606 937 1758 1000 ’ἰπο-

71 1024 361 1097 λαβοῦσαν
380 1021 474 1079 καὶ
497 1017 704 1093 αλλους
726 1043 878 1094 τινας
905 1027 1014 1081 τῶν
1040 1019 1389 1097 ἀκολούθων,
1414 1025 1508 1082 καὶ
1534 1024 1756 1106 ἐπιστῆ-

70 1127 162 1164 ναι
185 1105 271 1163 ἐπὶ
297 1127 396 1177 τας
417 1102 606 1182 θύρας
641 1106 1088 1185 ἐστεφανωμένον
1125 1103 1299 1190 αὐτὸν
1334 1112 1524 1170 κιττοῦ
1555 1108 1615 1168 τέ
1650 1131 1756 1169 τινι
1779 1103 1831 1159 Ε

70 1187 326 1295 στεφάνῳ
350 1192 509 1248 δασεῖ
526 1191 619 1249 καὶ
645 1192 758 1263 ἴων,
783 1191 879 1249 καὶ
901 1191 1109 1264 ταινίας
1137 1192 1326 1270 έχοντα
1347 1191 1434 1251 ἐπὶ
1458 1197 1556 1272 τῆς
1576 1215 1757 1271 κεφα-

71 1278 178 1352 λῆς
199 1272 352 1332 πανυ
377 1273 614 1347 πολλάς,
656 1275 750 1333 καὶ
777 1276 971 1349 εἰπεῖν,
998 1273 1253 1354 Ἄνδρες,
1295 1276 1519 1355 χαίρετε·
1573 1276 1757 1354 μεθύ-

71 1381 204 1416 οντα
229 1355 405 1435 ἄνδρα
428 1356 580 1418 πανυ
608 1357 833 1438 σφόδρα
857 1357 1078 1431 δέξεσθε
1107 1358 1413 1440 συμπότην,
1451 1357 1491 1442 ἢ
1515 1357 1758 1439 ἀπίωμεν

68 1440 439 1523 ἀναδήσαντες
470 1441 649 1520 μόνον
680 1441 992 1523 Ἄγαθωνα,
1035 1442 1122 1524 ἐφ’
1156 1442 1291 1524 οπερ
1330 1442 1613 1526 ἤλθομενς
1652 1443 1756 1526 ἐγω

121 1605 239 1663 μέγα
268 1608 499 1664 βοῶντος,
530 1606 809 1678 ἐρωτῶντος]
840 1610 1017 1668 vulgat.
1039 1626 1084 1666 μ.
1108 1611 1150 1670 β.
1172 1609 1254 1655 καὶ
1276 1608 1556 1670 ἐρωτῶντος.
1584 1610 1669 1657 καί
1680 1626 1755 1659 co

65 1665 214 1708 dicum
236 1665 530 1721 plurimorum
550 1668 813 1711 auctoritate
847 1669 1103 1711 delevimus.

66 1782 85 1822 t
122 1724 284 1768 κιττοῦ
302 1723 351 1769 τέ
368 1740 463 1768 τινι
479 1737 546 1768 στ.
559 1725 578 1782 ]
611 1725 822 1768 Additum
843 1731 910 1769 est
925 1740 972 1770 τε
996 1740 1049 1769 ex
1080 1725 1252 1781 aliquot
1282 1725 1407 1776 codd,
1448 1725 1644 1782 optimae
1672 1740 1755 1770 no-

89 1793 154 1822 ae.

122 1835 311 1890 δέξεσθε
333 1836 494 1906 συμπ.]
540 1836 615 1880 Sic
636 1813 800 1893 optime
820 1838 948 1883 Bodl.
970 1853 1072 1884 cum
1102 1832 1255 1894 paucis
1278 1838 1545 1893 quibusdam
1575 1839 1676 1882 aliis
1694 1839 1754 1882 li-

66 1893 175 1937 bris.
188 1894 383 1966 Vulgo
403 1892 623 1948 δέξασθε,
651 1899 816 1951 puncto
841 1902 942 1955 post
975 1891 1180 1953 ἤλθομεν
1211 1896 1356 1943 illato.
1427 1897 1598 1940 Deinde
1619 1898 1750 1940 Bodl.

67 1946 141 2007 ἐφ’
169 1968 205 2011 ῳ
230 1966 316 2010 περ
353 1947 571 2008 ἤλθομεν.

936 2091 991 2136 de
1001 2091 1383 2140 comissationibus
1396 2096 1610 2142 veterum.
1631 2094 1750 2142 Altd.

936 2164 976 2195 a.
1007 2150 1134 2193 1744.
1162 2151 1265 2199 edit.

993 2202 1136 2251 1).ού
1152 2206 1398 2262 σκέψεσθε]
1432 2209 1497 2250 Cf.
1519 2212 1667 2252 annot.
1694 2208 1755 2252 ad

938 2279 976 2306 c.
1005 2265 1041 2308 Ι.
1070 2288 1099 2296 -
1126 2268 1364 2310 καλεῖτε
1391 2266 1444 2306 h.
1461 2280 1498 2308 e.
1529 2265 1756 2308 invita-

939 2325 1016 2373 te,
1045 2325 1095 2363 ut
1131 2335 1256 2365 mox:
1295 2321 1375 2365 καὶ
1404 2318 1487 2365 τὸν
1516 2315 1755 2377 Ἀγάθωνα

938 2381 1093 2422 καλεῖν
1113 2373 1270 2422 αὐτόν.
1339 2379 1414 2422 Sic
1443 2379 1577 2422 etiam
1605 2379 1754 2433 Latini.

937 2450 1147 2478 vocare
1189 2436 1339 2478 dicunt
1379 2451 1458 2491 pro
1504 2437 1570 2478 ad
1622 2451 1755 2479 coe-
1791 2477 1803 2487 s

64 2091 192 2135 Nunc
260 2089 323 2142 ὥς
386 2091 638 2148 κωμαστῶν
713 2106 874 2136 conne-

63 2150 267 2191 ctendum
299 2164 402 2192 cum
446 2149 591 2192 πολὺν
619 2145 778 2202 ψόφον
821 2165 872 2195 π.

62 2206 150 2247 hoc
199 2221 365 2249 sensu·
434 2206 732 2250 vestibuli
785 2206 874 2250 ia-

64 2277 133 2304 nu
145 2277 227 2305 am
258 2264 552 2318 pulsatam
581 2263 872 2331 ingentem

64 2319 275 2362 fecisse
340 2320 655 2374 strepitum
711 2319 874 2375 quasi

64 2376 524 2429 nominatorum,
581 2377 628 2419 h.
660 2391 698 2419 e.
743 2391 876 2432 qua-

63 2433 114 2475 si
167 2433 583 2476 comissatores
621 2448 743 2475 eum
790 2449 876 2476 ex-

63 2489 187 2532 cita
201 2505 224 2531 r
237 2505 261 2532 e
271 2496 340 2533 nt.
401 2490 570 2532 Deinde
606 2491 661 2533 ad
685 2486 876 2535 ἀκούειν

60 2546 288 2604 intelligas
313 2547 559 2590 subiectum
597 2547 875 2591 indefinitum

62 2609 108 2646 et
151 2610 321 2646 vertas.
381 2605 494 2646 und
539 2618 667 2647 man
715 2605 831 2647 hab
849 2619 874 2646 e

61 2661 165 2703 den
190 2661 311 2703 Ton
338 2660 496 2703 einer
520 2661 874 2730 Flotenspie-

60 2718 81 2759 1
97 2717 232 2760 erin
270 2718 497 2773 gehiirt.
561 2718 677 2762 Nam
710 2716 874 2775 φωνήν

61 2788 293 2830 perperam
311 2774 569 2831 intelligunt
586 2775 662 2817 hie
686 2776 741 2818 de
763 2790 874 2819 voce

11 2862 30 2879 Ι
59 2831 297 2883 tibicinae,
335 2845 472 2886 quum
503 2832 557 2874 de
584 2846 690 2874 sono
720 2832 872 2885 tibiae,

61 2901 195 2954 qjlam
233 2863 315 2930 ill'a
345 2887 543 2941 inflavit,
586 2889 873 2945 cogitandum

60 2944 133 2987 sit.
190 2945 258 2987 De
279 2947 541 2998 κωμασταῒς
561 2953 692 2988 noctu
724 2947 779 2988 ad
805 2948 874 2989 fo-

60 3016 133 3043 res
153 3002 399 3045 amicorum
423 3001 657 3044 comitibus
675 3002 872 3047 tibicinis

60 3058 249 3113 aliisque
281 3057 327 3100 id
352 3073 494 3115 genus
522 3059 776 3105 hominibus
798 3075 874 3109 ac-

61 3115 317 3158 cedentibus
360 3121 403 3159 et
453 3117 874 3172 παρακλαυσίθυρα

61 3172 319 3217 canentibus
339 3188 381 3216 v.
407 3174 483 3223 De
495 3188 540 3215 m
553 3187 579 3215 o
589 3188 609 3216 s
622 3174 696 3217 th.
729 3174 787 3219 T.
813 3175 872 3216 ΙΙ.

60 3244 104 3284 p.
124 3227 223 3271 433.
247 3230 315 3275 ed,
334 3229 489 3272 Reisk.
540 3230 617 3272 Lu
632 3231 773 3273 eian.
794 3231 874 3274 Bis

59 3287 218 3328 Aecus.
246 3285 318 3335 31,
347 3286 370 3327 Ι
383 3289 504 3329 amb
518 3287 536 3327 l
549 3286 567 3328 i
580 3287 660 3328 ch.
680 3287 763 3330 vit.
782 3289 874 3343 Py-

62 3342 186 3397 thag.
231 3358 273 3397 p.
289 3341 359 3385 94.
389 3344 424 3385 C
435 3343 453 3384 l
465 3357 559 3385 em.
581 3344 735 3386 Alex.
757 3345 873 3386 Pae-

62 3399 164 3454 ‹lag.
191 3398 255 3442 11.
280 3398 321 3444 4.
380 3400 413 3442 S
427 3401 490 3442 ch
505 3401 573 3444 ol.
595 3401 787 3443 Theocr.
807 3401 873 3442 Id.

64 3456 146 3499 111.
168 3457 211 3500 1.
238 3457 298 3501 al.
329 3458 431 3502 coll.
485 3457 748 3502 Schwarz
769 3458 873 3502 diss.

939 2506 1065 2536 nam
1093 2506 1330 2545 vocare,
1359 2492 1479 2539 invi
1495 2497 1637 2535 tare.
1672 2500 1674 2503 ’

998 2545 1250 2618 αὐλητρίδα
1271 2524 1618 2617 ὑπολαβοῦσαν]
1644 2549 1755 2592 Ver—

938 2607 1048 2649 bum
1077 2603 1446 2674 ὖπολαμβανειν,
1487 2621 1510 2648 e
1524 2620 1548 2649 a
1561 2620 1651 2649 sur
1663 2621 1692 2648 ιι
1702 2620 1751 2649 ιιι

937 2677 1000 2705 su
1015 2668 1231 2706 stentar
1246 2679 1296 2719 e,
1338 2663 1578 2706 illustravit
1604 2665 1752 2706 Dor-

936 2720 1056 2763 vill.
1087 2720 1141 2762 ad
1162 2698 1446 2774 Chariton.p
1451 2720 1583 2762 .172.

996 2774 1237 2832 ἐπιστῆναι
1260 2775 1344 2822 ἐπὶ
1371 2736 1454 2826 τᾶΡς
1473 2772 1647 2835 θύρας]
1677 2777 1752 2818 In·-

938 2834 1094 2890 tellige
1112 2835 1262 2876 fores*
1248 2835 1385 2890 ipsius
1413 2833 1584 2887 domus,
1596 2833 1643 2875 in
1663 2847 1751 2888 qua

937 2891 1148 2934 convivae
1169 2897 1306 2934 erant.

994 2948 1046 2990 E.
1075 2948 1256 2998 ταινίας
1289 2945 1479 3003 ἔχοντα]
1522 2947 1622 2991 Mos
1654 2942 1750 2990 erat

939 3005 1084 3059 capita
1103 3005 1333 3049 hominum
1347 3005 1422 3046 vel
1436 3005 1612 3059 publice
1634 3005 1750 3046 bene

937 3062 1196 3104 meritorum
1209 3094 1222 3114 ‚
1250 3061 1387 3104 veluti
1414 3061 1644 3113 victorum,
1675 3060 1750 3102 vel

938 3118 1183 3161 amicorum
1216 3122 1260 3161 et
1294 3117 1583 3165 familiarium
1619 3116 1749 3159 laetis

938 3174 1093 3217 diebus
1109 3189 1160 3218 ac
1175 3174 1542 3218 sollemnitatibus
1559 3172 1749 3230 coronis,

937 3230 1074 3284 vittis,
1089 3233 1246 3275 taeniis
1255 3230 1514 3289 redimiendi
1530 3234 1574 3272 et
1587 3243 1749 3273 ornan-

940 3287 999 3330 di.
1020 3302 1058 3330 v.
1078 3289 1245 3331 Ruhn
1259 3290 1379 3330 ken.
1402 3287 1589 3330 adTim.
1601 3287 1747 3337 Gloss-

972 3343 1186 3401 .24osq.
1243 3344 1512 3391 Paschal.
1546 3344 1601 3386 de
1621 3358 1750 3387 coro-

938 3401 1007 3443 nis
1016 3400 1090 3443 IV.
1101 3402 1143 3446 8.
1145 3361 1288 3446 qintel
1289 3418 1359 3458 pp.
1380 3402 1434 3444 ad
1443 3402 1599 3443 Horat.
1612 3401 1749 3444 odat.

938 3457 1365 3513 1v.11‚z.a1,-
1414 3459 1483 3502 De
1505 3452 1749 3503 Alcibiadis
