2040 3646
285 137 391 196 210
766 133 1134 189 PLATONIS
1166 134 1487 193 PHAEDO.

231 288 241 343 ,’
286 271 468 345 ἔσται,
511 267 545 332 6
572 269 810 377 Κρίτων·
868 270 987 333 ἄλλ’
1009 268 1142 353 ὅρα,
1184 274 1242 334 εἴ
1251 295 1304 335 τι
1341 272 1479 338 α’λλο
1506 275 1697 357 λέγεις.
1789 283 1983 342 Ταῦτα

288 356 555 436 ἐρομένου
580 354 765 416 αὐτου
787 356 1013 418 ουδὲν”
982 382 1057 418 ετι
1088 356 1442 438 ἀπεκρίνατο,
1498 360 1616 421 αλλ’
1636 362 1823 443 ὀλίγον
1849 367 1980 444 χρό-

290 464 391 504 νον
429 439 698 502 διαλιπων
734 442 966 546 ἐκινήθη
1000 466 1056 504 τε
1104 445 1198 503 καὶ
1247 442 1281 504 6
1317 443 1613 524 ἄνθρωπος
1651 447 1980 528 ἐξεκάλυψεν

291 525 492 599 αὐτόν,
547 528 641 585 καὶ
675 523 739 600 ὃς
774 523 842 586 τὰ
882 525 1097 605 ὄμματα
1124 529 1375 609 ἔστησεν·
1435 529 1567 592 ἰδων
1603 535 1663 593 δὲ
1699 531 1732 594 6
1759 536 1980 614 Κρίτων

220 648 225 651 -
287 609 550 688 ξυνέλαβε
571 609 637 671 τὸ
665 611 840 689 στόμα
862 634 918 672 τε
944 615 1039 672 καὶ
1062 611 1198 687 τοὺς
1219 612 1608 703 ὀφθαλμούς.

462 698 625 779 Cap.
671 700 934 758 LXVII.
1005 694 1144 770 Ἥδε
1180 697 1218 779 ἡ
1255 700 1506 782 τελευτη,
1563 704 1607 762 ὦ
1650 700 1979 783 Ἐχέκρατες,

288 786 394 841 τοῦ
422 780 702 869 ἑταίρου
669 789 800 862 ημῖν
821 782 1074 861 ἐγένετο,
1097 780 1330 861 ανδρός,
1387 783 1463 859 ὥς
1485 784 1643 866 ἡμεῖς
1663 796 1864 867 φαῖμεν
1891 813 1979 863 αν,

286 872 396 926 τῶν
425 866 544 928 τότε
585 869 663 927 ὠν
688 868 1053 949 ἐπειράθημεν
1087 865 1320 949 ἀρίστου
1350 872 1444 932 καὶ
1483 869 1661 947 ἄλλως
1692 897 1979 955 φρονιμω-

283 951 455 1058 τάτου
478 953 573 1012 καὶ
593 951 958 1013 δικαιοτάτου.

334 1121 450 1176 ..Cap
474 1120 654 1166 LXVII.
710 1120 806 1166 τῶν
837 1116 946 1167 τότε
972 1137 1039 1166 ων
1069 1119 1210 1183 ἑπειρ.
1220 1126 1243 1178 ]
1274 1122 1422 1168 Verba
1445 1123 1540 1171 τῶν
1560 1120 1666 1171 τότε
1695 1112 1862 1171 omittit
1877 1125 1974 1171 cod.

283 1177 596 1226 coislinianus.

344 1321 457 1367 εἴτι
493 1319 602 1365 ἄλλο
640 1318 810 1378 λέγεις]
862 1320 910 1366 si
959 1320 1100 1377 quid

283 1384 592 1448 praeterea
638 1378 890 1432 habeas,
949 1379 1100 1435 quod

283 1437 427 1483 mihi
455 1435 696 1479 mandes.

286 1491 414 1596 013³.
433 1509 618 1595 οἷ’ἱῗῗ
649 1491 891 1594 ἒῗῗὲενὶ
939 1492 1100 1593 ⁰63¹?

285 1610 411 1654 vill
443 1609 499 1651 ad
519 1565 686 1650 Chagtgit.
715 1623 758 1663 p.
778 1606 877 1650 404.

343 1666 560 1723 ξυνέλαβε
590 1682 628 1708 τ.
658 1666 757 1721 στ.]
800 1678 1100 1719 compres-

281 1724 424 1767 sits.
457 1723 965 1788 composuitoS.
1008 1721 1096 1764 vid.

282 1781 644 1826 Kirchmann.
686 1778 740 1821 de
782 1778 1097 1823 Funeribusl.

280 1839 324 1882 6.
373 1854 416 1896 Ρ.
448 1836 519 1881 45.
572 1841 616 1879 et
667 1837 987 1884 casaubon.
1041 1836 1098 1880 ad

283 1896 433 1942 Suet.
464 1893 711 1949 Octav499.

340 2010 447 2067 Cap.
485 2009 601 2052 LXV
604 2008 662 2053 Η.
736 2008 830 2052 τῶν
877 2004 984 2053 τότε
1031 2000 1097 2052 ὧν

283 2025 498 2126 ἐπειραθ.
511 2067 529 2123 ]
583 2068 708 2109 Haec
741 2066 851 2108 vitio
888 2067 1095 2108 laborare

282 2125 683 2182 wyttenbach.
727 2128 770 2165 et
798 2123 1094 2168 Heindorf.

281 2183 366 2226 doc
370 2187 552 2233 uerunt,
582 2195 770 2236 quorum
786 2180 864 2222 ille
884 2196 978 2224 των
1001 2178 1098 2223 πώ-

281 2255 398 2284 ποτε
446 2214 727 2282 scrisscndum
772 2238 964 2291 censuit,
1018 2238 1096 2280 hic

282 2301 430 2341 totum
459 2298 609 2340 locum
641 2296 705 2339 sic
741 2295 883 2337 voluit
912 2295 1095 2368 refingi:

281 2349 478 2423 ἀνδρός,
533 2350 595 2402 ὠς
635 2348 766 2422 ἡμεῖς
813 2355 984 2408 φαῖμεν
1023 2351 1097 2405 ἄν,

281 2409 497 2481 πάντων,
533 2410 635 2454 τότε
669 2426 731 2460 ως
767 2406 1096 2478 ἐπειράθημεν,

283 2464 476 2529 ἀρίστου
509 2468 587 2512 καὶ
626 2464 770 2517 ἄλλως
802 2465 1095 2525 φρονιμωτά-

280 2543 368 2572 του
413 2524 494 2570 καὶ
535 2524 852 2570 δικαιοτάτου.
910 2525 1096 2568 Codices

279 2586 454 2630 nullam
469 2598 597 2651 opem
619 2583 825 2625 afferunt.
882 2583 1004 2624 Unus
1030 2588 1097 2625 ta-

280 2655 387 2686 men
405 2641 498 2684 τῶν
521 2638 625 2684 τότε
648 2639 836 2692 omittit,
862 2639 911 2681 in
933 2639 1095 2694 quibus

261 2692 435 2743 'verbis
467 2697 668 2740 dubitari
696 2711 782 2739 non
813 2701 956 2752 potest
986 2696 1093 2751 quin

279 2771 444 2811 corrup
447 2756 536 2798 tela
582 2753 820 2797 delituerit.
887 2754 1093 2796 Fortasse

277 2813 564 2858 scribendum
580 2816 666 2854 est.
676 2806 880 2881 ἀνδρός,
911 2808 972 2861 ὥς
986 2814 1094 2863 φαῖ-

281 2885 367 2927 μεν
393 2867 478 2919 ἄν,
510 2867 615 2913 τότε
639 2863 705 2922 θ’,
749 2865 809 2918 ὦς
840 2866 1092 2940 ἐπειράθη-

279 2943 367 2984 μεν
381 2959 398 2995 ⁹.
448 2923 639 2985 ἀρίστου
651 2959 663 2982 ,
713 2924 793 2969 καὶ
832 2922 976 2975 ἄλλως
1011 2941 1090 2983 φρ.

279 2984 403 3028 viri
432 2990 487 3028 et
513 2989 652 3035 tum,
711 2997 876 3038 quum
904 2997 1095 3025 more-

279 3046 468 3098 retur,
500 3056 563 3096 op
578 3039 729 3093 timi,
783 3039 838 3082 id
864 3041 1006 3095 quod
1035 3040 1093 3082 in

280 3111 347 3141 eo
377 3075 599 3165 experti
641 3111 863 3150 sumus,
913 3101 968 3140 et
995 3111 1093 3152 per

283 3159 468 3199 totam
496 3155 677 3198 vitam
705 3154 1094 3222 prudentissi-

271 3212 358 3260 mi
383 3217 551 3271 atque
578 3211 907 3259 iustissimi.
964 3211 1097 3256 Vide·

1162 1321 1270 1365 licet
1290 1321 1355 1366 ita
1374 1322 1549 1366 Socrati
1566 1322 1780 1366 fortitudo
1804 1327 1849 1366 et
1871 1338 1977 1368 con-

1166 1380 1349 1433 stantia,
1407 1394 1539 1436 quam
1566 1388 1762 1423 extremo
1799 1381 1975 1436 potissi-

1164 1451 1288 1479 mum
1322 1413 1439 1480 {itae
1475 1444 1672 1507 tempore
1703 1441 1977 1494 probaverit,

1165 1494 1403 1537 tribuitur:
1454 1510 1560 1536 nam
1592 1490 1779 1552 ἄριστος
1803 1497 1975 1552 praeci—

1163 1565 1250 1607 pue
1278 1553 1437 1594 fortem
1468 1559 1510 1595 et
1535 1559 1806 1596 constantem
1833 1553 1974 1610 signi-

1162 1608 1296 1650 ficare
1320 1604 1473 1651 notum
1502 1624 1546 1651 es
1541 1615 1590 1651 t:
1624 1610 1889 1676 ‘tribuuntur
1910 1611 1975 1653 ei·-

1164 1665 1264 1706 dem
1288 1666 1519 1720 prudentia
1550 1672 1593 1708 et
1622 1666 1691 1708 ius
1695 1667 1815 1720 titia,
1863 1682 1974 1723 quas

1162 1722 1347 1765 virtutes
1378 1710 1566 1765 coiueiit
1594 1738 1673 1778 per
1701 1739 1831 1766 omne
1851 1726 1973 1768 vitae

1163 1784 1349 1835 tempus.
1409 1780 1582 1835 Quibus
1614 1781 1761 1823 verbis
1785 1782 1883 1837 quis
1906 1787 1972 1826 est

1163 1837 1269 1891 quin
1288 1837 1434 1879 videat
1449 1851 1555 1892 quaz-
1549 1837 1974 1904 iimaginemfluan-

1149 1894 1264 1936 ,dam
1301 1894 1517 1936 virtutum
1547 1894 1727 1944 illarum
1756 1898 1972 1952 οιιιιιίιιιιι,

1161 1951 1324 2019 quib-us
1342 1951 1412 1994 vir
1427 1952 1774 2006 sapientissimus
1797 1954 1914 1996 fuit·
1901 1969 1972 1997 ιιι-

1159 2008 1324 2064 aignus,
1353 2009 1605 2065 legentibus
1630 2011 1687 2051 ob
1716 2011 1868 2053 oculos
1892 2026 1974 2067 po-

1159 2043 1245 2109 ιιίῢὲ
1302 2041 1456 2121 I'taque
1492 2066 1570 2110 καὶ
1604 2061 1749 2117 ἄλλως
1783 2069 1972 2113 refertur

1162 2123 1218 2166 ad
1253 2137 1565 2194 praegressum
1592 2122 1697 2167 τότε
1722 2119 1789 2178 θ’,
1836 2132 1885 2169 ut
1921 2142 1968 2183 p.

1160 2179 1259 2223 116.
1282 2181 1330 2223 C.
1363 2178 1411 2223 σὲ
1432 2175 1469 2224 6'
1486 2177 1571 2236 ἐγὼ
1587 2181 1663 2224 καὶ
1679 2176 1822 2232 azam
1837 2181 1972 2238 ἔγνω-

1160 2253 1221 2281 κα
1246 2234 1294 2281 ἐν
1316 2236 1464 2312 τούτῳ
1494 2239 1560 2295 τῷ
1584 2236 1734 2312 χρόνῳ
1763 2239 1972 2309 γενῗταιόο

1160 2310 1302 2338 τατον
1332 2319 1360 2328 -
1389 2295 1467 2338 καὶ
1495 2282 1553 2352 δὴ
1580 2296 1659 2340 καὶ
1685 2298 1770 2341 νῦν
1803 2291 1854 2342 εὖ
1881 2292 1971 2343 οἶδ’

1162 2348 1234 2396 ότι
1279 2349 1364 2396 οὐκ
1395 2350 1496 2408 ἐμοὶ
1530 2357 1811 2409 χαλεπανεῖς.
1891 2357 1971 2400 Est

1161 2415 1308 2452 tamen
1336 2424 1415 2451 eur
1436 2410 1549 2452 haec
1571 2412 1818 2454 emendatio
1839 2413 1969 2455 nobie

1161 2466 1402 2534 displiceat.
1458 2467 1614 2522 Itaque
1635 2468 1748 2519 vide,
1776 2483 1831 2510 ne
1851 2469 1971 2512 istud

1160 2525 1254 2567 τῶν
1277 2521 1379 2568 τότε
1404 2528 1482 2567 aut
1515 2538 1695 2592 prorsus
1725 2525 1864 2567 deleri
1892 2531 1971 2570 aut

1159 2580 1207 2623 in
1241 2581 1357 2634 τῶν,
1404 2580 1577 2623 abiecto
1617 2578 1746 2634 τότε,
1802 2583 1969 2627 mutari

1157 2638 1328 2680 debeat.
1388 2639 1488 2692 Quo
1511 2639 1627 2680 facto
1650 2635 1795 2690 ἄλλως
1812 2640 1971 2685 referri

1160 2695 1389 2737 commode
1420 2695 1583 2750 poterit
1621 2696 1678 2738 ad
1716 2698 1856 2740 verba
1904 2690 1972 2742 ὦν

1159 2749 1520 2810 ἐπειράθημενί.
1537 2766 1575 2796 e.
1597 2751 1668 2803 οἷς
1681 2751 1974 2811 συνεγενόμε·

1158 2811 1242 2853 θα.
1292 2809 1542 2879 Xenoph.
1572 2811 1823 2856 Anabas.1.
1857 2811 1969 2865 9,1.

1159 2867 1336 2937 Κῦρος
1336 2881 1437 2936 μεν
1481 2862 1629 2918 ου’τως
1667 2866 1966 2939 ἐτελεύτησεν,

1159 2919 1277 2982 ἀνὴρ
1310 2917 1374 2966 ὢν
1395 2924 1586 2992 Περσῶν
1612 2926 1705 2969 τῶν
1733 2922 1846 2981 μετὰ
1872 2926 1970 2970 Κῦν-

1158 2996 1243 3039 ρον
1280 2976 1363 3024 τὸν
1397 2975 1602 3049 ἀρχαῖον
1619 2982 1873 3053 γενομένων
1888 2984 1971 3053 βα-

1159 3036 1459 3088 σιλικώτοιτός
1478 3054 1527 3083 τε
1548 3035 1680 3084 καὶ”
1647 3055 1826 3112 αρχειν
1831 3036 1971 3093 ἀξιώ-

1158 3111 1318 3152 τατος,
1350 3091 1411 3145 ὥς
1441 3094 1570 3167 παρὰ
1594 3095 1780 3141 πάντων
1803 3096 1966 3153 ὁμολο-

1158 3157 1307 3208 γεῖται
1329 3154 1424 3197 τῶν
1441 3153 1604 3213 Κύρου
1632 3154 1895 3202 δοκούντων
1916 3152 1968 3201 ἐν

1158 3210 1298 3272 πείρᾳ
1322 3210 1553 3268 γενέσθαι.

821 3349 1444 3373 m
