2040 3646
260 172 368 230 ,100
923 161 1286 216 PLATONIS

271 326 354 376 τις
386 301 514 379 λέγῃ
529 342 545 373 ,
609 295 694 357 ὅτι
734 295 871 377 Ἐγώ
904 295 1170 378 ὑγιαίνων
1213 297 1488 376 βούλομαι
1532 299 1626 358 καὶ
1658 296 1938 378 ὑγιαίνειν,

272 388 366 448 καὶ
397 386 654 445 πλουτῶν
674 382 947 460 βούλομαι
983 385 1074 441 καὶ
1097 388 1378 456 πλουτεῖν,
1432 384 1525 442 καὶ
1548 383 1801 461 ἐπιθυμῶ
1833 383 1955 456 αὖ(

111 536 115 539 ,
272 476 380 532 τῶν
399 467 637 540 τούτων,
681 465 715 526 ἃ
737 468 835 544 ἔχω
852 509 868 540 ,
911 468 1149 544 εἴποιμεν
1174 463 1241 526 ἂν
1264 464 1418 550 αὐτῷ
1435 511 1452 541 ,
1494 461 1577 527 ὅτι
1600 463 1695 526 Σύ
1711 511 1726 540 ,
1771 457 1814 527 ὦ
1840 467 1939 528 ἄν-

191 563 250 619 D
272 563 490 634 θρωπε,
530 557 777 611 πλοῦτον
795 552 1118 631 κεκτημένος
1139 552 1230 610 καὶ
1253 549 1465 630 ὑγίειαν
1495 554 1587 611 καὶ
1611 549 1772 629 ἰσχὺν
1803 551 1942 629 βού-

272 644 355 699 λει
377 639 470 697 καὶ
496 636 572 709 εἰς
596 633 692 696 τὸν
726 637 902 695 ἔπειτα
927 634 1125 714 χρόνον
1156 641 1328 696 ταῦτα
1359 641 1683 717 κεκτῆσθαι,
1741 637 1852 696 ἐπεὶ
1889 638 1944 696 ἐν

272 728 350 808 vo}
372 745 431 801 γε
458 725 564 782 νῦν
584 719 842 799 παρόντι,
886 722 985 779 εἴτε
1020 719 1209 798 βούλει
1245 723 1343 779 εἴτε
1384 720 1491 800 μή,
1527 722 1697 800 ,ξ’χεις.
1753 721 1946 780 σκόπει

274 809 414 880 οὐν,
467 803 599 865 ὅταν
633 811 800 864 τοῦτο
834 804 1021 883 λέγῃς,
1064 801 1168 864 ·ὃ’τι
1188 802 1477 882 Ἐπιθυμῶ
1509 810 1620 864 τῶν
1642 802 1943 883 παρόντων,

275 894 324 952 εἰ
350 889 485 951 ἄλλο
506 912 559 949 τι
583 889 753 968 λέγεις
773 884 812 970 ἢ
836 887 986 962 τόδε,
1030 885 1114 949 ὅτι
1139 886 1427 966 Βούλομαι
1458 887 1525 948 τὰ
1558 895 1664 948 νῦν
1699 890 1945 967 παρόντα

272 978 367 1037 καὶ
388 977 466 1048 εἰς
488 972 585 1034 τὸν
608 975 786 1034 ἔπειτα
810 973 1008 1051 χρόνον
1029 980 1293 1052 παρεῖναι.
1337 971 1472 1032 ἄλλο
1497 998 1547 1045 τι
1570 971 1833 1052 ὁμολογοῖ
1847 973 1945 1042 ἄν,·

272 1057 579 1139 Συμφάναι
603 1059 710 1137 ἔφη
731 1055 828 1118 τὸν
848 1055 1142 1136 Ἀγάθωνα.
1230 1059 1425 1119 Εἰπεῖν
1448 1056 1520 1138 δὴ
1547 1056 1643 1117 τὸν
1655 1058 1944 1139 Σωκράτη,

281 1143 514 1205 Οὔκουν
546 1141 715 1202 τοῦτό
748 1140 796 1220 γ’
829 1142 971 1202 ἐστὶν
1009 1143 1218 1202 ἐκείνου
1255 1143 1410 1219 ἐρᾶν,
1469 1140 1501 1201 3
1538 1140 1696 1201 οὔπω
1732 1143 1946 1220 ἕτοιμον

276 1227 430 1312 αὐτῷ
469 1229 610 1288 ἐστιν
643 1224 776 1285 οὐδὲ
809 1227 938 1303 ἔχει,
990 1224 1052 1285 τὸ
1088 1228 1163 1299 εἷς
1200 1224 1300 1286 τὸν
1329 1227 1516 1286 ἔπειτα
1541 1225 1739 1303 χρόνον
1773 1233 1946 1287 ταῦτα

201 1316 255 1373 Ε
275 1310 410 1374 εἶναι
435 1310 586 1395 αὐτῷ
607 1309 885 1397 σωζόμενα
908 1306 974 1369 τὰ
1011 1315 1116 1370 νῦν
1145 1310 1421 1388 παρόντας
1504 1311 1673 1370 Πάνυ
1702 1335 1788 1390 γε,
1831 1312 1947 1391 φά-

274 1421 380 1459 ναι.
466 1398 583 1457 Καὶ
606 1397 771 1467 ουτος
796 1393 907 1472 ἄρα
926 1396 1018 1454 καὶ
1047 1393 1214 1467 ἄλλος
1236 1401 1344 1467 πᾶς
1374 1395 1406 1454 ὃ
1434 1395 1718 1471 ἐπιθυμῶν
1741 1403 1848 1456 τοῦ
1870 1395 1946 1478 μὴ

275 1483 496 1558 ἑτοίμου
521 1482 778 1556 ἐπιθυμεῖ
804 1481 896 1538 καὶ
918 1485 1038 1539 -τοῦ
1070 1478 1146 1559 μὴ
1184 1479 1483 1557 παρόντος,
1537 1482 1630 1538 καὶ
1671 1478 1703 1539 3
1736 1479 1811 1561 μὴ
1843 1483 1946 1558 ἔχει

274 1568 369 1628 καὶ
391 1563 423 1625 3
446 1562 520 1646 μὴ
555 1565 697 1624 ἔστιν
721 1561 888 1636 αὐτὸς
925 1565 1018 1622 καὶ
1053 1556 1126 1623 οὗ
1160 1564 1343 1644 ἐνδεής
1383 1566 1520 1638 ἐστι,
1572 1564 1777 1624 τοιαῦτ’
1813 1564 1945 1624 ἄττα

276 1651 420 1712 ἐστὶν
442 1643 518 1710 ὧν
542 1647 577 1729 ἡ
603 1649 867 1725 ἐπιθυμία
886 1671 940 1706 τε
962 1649 1052 1706 καὶ
1077 1646 1110 1707 ὃ
1135 1649 1266 1726 ἔρως
1289 1650 1444 1708 ἐστίν.
1533 1648 1702 1709 Πάνυ
1735 1649 1811 1728 γ’,
1866 1652 1944 1709 εἰ-

274 1742 410 1798 πεῖν.
482 1731 594 1794 Ἴθι
620 1732 720 1814 δή,
762 1731 935 1813 φάναι
959 1730 1055 1794 τὸν
1080 1732 1366 1814 Σωκράτη,
1409 1731 1946 1817 άνομολογηοώμεθα

331 1958 403 2020 viv.
437 1959 663 2022 βούλομαι
695 1959 774 2008 καὶ
809 1957 1059 2022 ὑγιαίνειν]
1117 1961 1289 2007 Inserui
1332 1962 1412 2007 καί
1447 1975 1471 2005 e
1501 1961 1629 2006 Bodl.
1664 1960 1949 2015 Florentinis,

278 2021 406 2066 vind.
447 2023 488 2066 1.
520 2022 562 2064 7.
590 2019 713 2074 aliis,
769 2025 818 2063 ut
851 2022 967 2076 quod
1000 2022 1238 2064 sententiae
1270 2021 1450 2077 egregie
1470 2020 1528 2064 sit
1555 2019 1945 2063 accommodatum.

277 2078 402 2123 Idem
419 2086 521 2121 ante
551 2079 766 2121 πλουτεῖν
785 2079 931 2121 addidi
956 2093 1055 2120 cum
1077 2079 1234 2121 iisdem
1252 2078 1393 2122 libris.

291 2186 303 2204 t
337 2131 509 2236 α”ἐέοοξι
532 2130 751 2235 {glast-wo?
771 2131 884 2192 ἅνς]
915 2135 1012 2179 Ald.
1034 2137 1133 2179 Bas.
1155 2135 1196 2179 1.
1215 2135 1257 2178 2.
1290 2128 1540 2191 ὁμολογοῖτ’
1564 2130 1646 2187 ἄν,
1675 2131 1946 2189 Stephanum

277 2207 522 2294 ομὸὕιῖουν
543 2224 683 2294 τοτ’ἶνο
707 2251 771 2303 -]
803 2247 878 2292 Sic
901 2247 1157 2292 Florentini.
1199 2248 1346 2306 Vulgo
1373 2242 1557 2293 Οὔκουν
1581 2242 1638 2303 δὴ
1659 2261 1701 2291 τ.

277 2389 466 2432 obseura
511 2402 606 2433 esse
649 2389 799 2445 possit.
875 2388 1081 2432 Ceterum
1143 2388 1257 2433 Nam
1279 2388 1450 2444 quaerit
1470 2387 1696 2439 Socrates,
1725 2383 1830 2441 quid
1850 2384 1943 2437 ille,

276 2452 404 2489 antea
425 2446 480 2489 ad
508 2445 555 2490 ἐν
579 2446 645 2505 τῷ
675 2444 872 2503 παρόντι
904 2442 1079 2502 ἀνάγκη
1146 2447 1222 2501 qui
1243 2447 1328 2489 hoe
1349 2446 1479 2488 modo
1490 2445 1799 2499 interrogetur,
1826 2442 1947 2497 Aga-

274 2503 499 2560 intelligas
522 2501 638 2557 έστί,
668 2518 780 2559 quae
799 2503 924 2546 verbi
948 2503 1082 2546 omis-
1143 2503 1269 2546 thoni
1307 2503 1503 2546 videatur
1523 2513 1807 2555 responsurus
1834 2511 1944 2550 esse,

276 2557 343 2602 sio
386 2566 483 2614 post
518 2556 691 2618 ἀνάγκη
717 2561 851 2617 longe
887 2563 952 2603 est
994 2561 1081 2602 fre·
1145 2575 1231 2602 non
1257 2559 1360 2615 quid
1390 2558 1565 2615 Agatho
1588 2557 1680 2611 ipse
1710 2569 1946 2610 responsu-

276 2617 576 2671 quentissima.
1143 2630 1218 2658 rus
1250 2618 1320 2660 sit.
1376 2617 1466 2660 Nee
1496 2627 1670 2656 neeesse
1695 2616 1784 2663 est,
1833 2606 1945 2662 ὁμο-

335 2674 388 2714 D.
450 2671 555 2718 ἄλλο
602 2690 648 2717 τι
698 2668 916 2728 ὁμολογοῖ
959 2668 1077 2729 dim]
1143 2674 1298 2728 λογοίη
1325 2674 1514 2723 scribas,
1543 2683 1678 2725 quum
1699 2668 1839 2711 altera
1851 2669 1944 2710 for-

277 2729 448 2773 Nieht
476 2732 649 2782 wala,
686 2731 781 2774 das
809 2730 991 2775 wiirde
1021 2745 1077 2772 er
1141 2744 1214 2773 ma
1235 2730 1389 2773 Atticis
1418 2727 1757 2783 haudquaquam
1791 2723 1946 2781 displi-

279 2788 569 2842 zugeben2
627 2786 701 2830 Sic
736 2783 842 2830 ἄλλο
866 2802 911 2829 τι
941 2787 1078 2830 etiam
1142 2787 1292 2830 cuerit.

278 2855 380 2884 mox
405 2859 445 2898 p.
463 2844 562 2886 200.
590 2845 642 2888 Ε.
678 2860 718 2900 p.
742 2844 839 2886 201.
869 2844 919 2887 A.
945 2849 988 2886 et
1010 2844 1079 2886 in-
1196 2845 1245 2886 E.
1268 2838 1364 2886 ’Ίθι
1383 2838 1461 2897 δή,
1491 2836 1643 2895 φάναι
1665 2855 1705 2885 τ.
1731 2837 1814 2893 Σ.]
1845 2835 1944 2880 Uti-

276 2900 472 2941 numeris
493 2900 592 2943 aliis
615 2901 725 2942 locis
742 2900 945 2956 positum.
995 2901 1078 2943 So·
1141 2904 1214 2943 tur
1237 2915 1351 2942 nune
1374 2899 1573 2941 Socrates
1592 2897 1646 2939 ad
1668 2894 1942 2938 refutandam

274 2954 368 2997 lent
396 2957 511 2998 enim
532 2957 694 3000 Graeci
728 2972 827 2999 cum
851 2957 1077 3000 alacritate
1140 2956 1383 3013 Agathonis
1415 2954 1673 2997 sententiam
1699 2953 1785 2994 hae
1804 2965 1941 3007 argu-

214 3036 231 3049 ι
274 3010 597 3068 interrogantes
618 3009 723 3057 ἄλλο
760 3030 807 3056 τι
834 3013 977 3055 dicere
998 3029 1075 3069 pro
1139 3013 1418 3056 mentatione.
1477 3012 1600 3066 Quae
1621 3007 1842 3063 cupimus,
1871 3007 1940 3050 in·-

273 3068 471 3122 pleniore
493 3067 599 3113 ἄλλο
624 3086 669 3113 τι
697 3064 727 3126 ἤ
754 3071 824 3112 vel
852 3068 957 3113 ἄλλο
981 3087 1024 3113 τι
1047 3065 1074 3126 ἢ
1140 3070 1256 3125 quit,
1313 3084 1366 3112 ea
1413 3069 1604 3110 nondum
1648 3065 1938 3124 possidemus.

273 3122 360 3168 ὅτι.
412 3140 453 3171 v,
495 3128 788 3170 Hermann.
833 3127 887 3168 ad
926 3127 1072 3182 Viger.
1138 3129 1344 3169 Amorem
1366 3130 1512 3168 autem
1529 3138 1630 3165 cum
1653 3121 1813 3164 dixeris
1840 3121 1941 3175 pul-

272 3194 316 3235 p.
351 3181 451 3225 731.
489 3188 531 3225 et
561 3198 673 3238 quae
703 3183 794 3225 dixi
826 3184 881 3224 ad
905 3185 1074 3240 Euthy-
1136 3183 1364 3226 critudinis
1397 3180 1631 3236 cupiditate
1661 3177 1823 3229 teneri,
1862 3191 1941 3219 ne-

271 3237 428 3291 phron.
479 3255 519 3294 p.
552 3240 648 3282 104.
707 3241 773 3282 Ad
826 3241 1071 3294 proximum
1135 3254 1256 3281 cesse
1287 3244 1374 3291 est,
1413 3252 1511 3281 eam
1541 3237 1619 3278 ille
1651 3250 1737 3277 non
1760 3234 1937 3277 habeat.

270 3292 528 3347 Συμφάναι
553 3296 775 3352 intelligas
812 3295 882 3339 ὄτι
907 3292 1069 3351 ὁμολο-
1132 3296 1755 3351 Alioquinenimnoncuperet.
1787 3292 1939 3346 Quum

198 3388 214 3403 ,,
268 3353 348 3404 γοῖ
377 3349 448 3394 ἄν.
507 3353 746 3408 Perperam
788 3353 905 3396 enim
948 3355 1070 3396 Ste-
1132 3358 1279 3396 autem
1329 3353 1531 3407 pulcrum
1584 3355 1715 3404 atque
1767 3349 1936 3390 bonum

186 3427 198 3435 =
266 3420 295 3462 p
313 3406 346 3450 11
366 3421 393 3452 a
408 3423 438 3452 n
454 3423 485 3452 u
510 3422 531 3452 s
574 3404 803 3465 ὁμολογοῖ
831 3405 889 3455 ἄν
916 3411 1066 3456 edidit.
1129 3410 1249 3455 idem
1267 3408 1339 3465 sit,
1366 3408 1628 3456 caretAmor
1646 3405 1779 3452 etiam
1798 3405 1929 3450 bono.
