2040 3646
334 149 401 207 16
556 104 559 107 Ι
970 145 1379 200 PRAEFATIO

326 280 460 334 terit,
489 279 576 324 nisi
593 278 734 324 animi
754 280 894 323 nostri
915 284 1122 326 naturam
1144 282 1320 340 penitus
1337 283 1562 343 cognitam
1586 284 1906 347 habeatatque
1925 304 2027 348 per-

328 354 525 409 spectam
539 383 553 405 ,
593 350 714 407 quod
747 351 928 395 mortali
951 353 1099 396 adhuc
1135 354 1375 412 contigisse
1416 356 1610 401 arbitror
1645 359 1835 414 nemini,
1882 376 2026 418 neque

330 422 557 480 continget
573 436 784 478 unquam.
842 423 995 479 Neque
1018 424 1124 467 vero
1146 425 1277 469 Plato
1299 426 1395 482 ipse
1420 427 1584 471 rationi
1613 443 1722 472 suae
1751 434 1921 475 tantum
1944 433 2025 476 tri-

327 494 428 537 buit
442 494 646 550 ponderis
660 525 674 547 ,
708 493 845 539 nullis
864 499 915 537 ut
939 508 1038 539 cam
1058 500 1233 551 putaret
1269 498 1505 541 obnoxiam
1529 512 1625 542 esse
1657 499 2023 547 dubitationibus.

327 565 420 609 Sed
443 565 814 621 quemadmodum
836 579 939 622 nos,
979 566 1058 622 qui
1075 561 1612 623 religionis'Christianae
1631 571 1732 615 luce
1755 586 1906 617 sumus
1929 575 2025 617 col-

325 632 528 690 lustrati,
569 641 836 692 argumenta
862 636 918 680 ad
942 652 1065 693 spem
1084 637 1434 683 immortalitatis
1457 642 1804 687 confirmandam
1823 643 2022 688 humana

326 700 475 750 mente
496 707 745 764 excogitata
771 708 964 751 solemus
991 712 1235 753 sustentare
1247 711 1374 764 quasi
1399 716 1443 754 et
1457 712 1667 757 adiuvare
1685 727 1755 767 eo,
1780 714 1898 770 quod
1915 715 2019 758 freti

327 778 497 822 Christi
515 779 778 822 auctoritate
803 780 1023 823 credimus
1044 785 1089 823 et
1110 781 1370 824 confidimus
1391 782 1668 827 immortales
1687 777 1783 828 esse
1799 785 2022 829 humanos

325 843 496 894 animos
513 866 525 893 ε
565 850 629 894 ita
662 850 866 893 Socrates
897 851 1012 908 apud
1041 851 1276 895 Platonem
1310 853 1559 897 rationibus
1583 854 1651 897 rei
1683 840 1892 913 expositis
1918 870 2021 899 cum

320 920 398 977 pia
421 922 614 976 quadam
639 920 881 977 sapientiae
915 927 958 965 et
977 921 1154 966 virtutis
1186 923 1455 967 conscientia
1488 924 1624 967 etiam
1650 925 1859 970 fiduciam
1891 926 2019 971 illam

321 992 631 1049 amplectitur,
683 1007 817 1047 quam
839 994 1043 1048 equidem
1070 993 1261 1037 dixerim
1283 1009 1388 1037 vere
1407 995 1762 1051 philosophicam
1777 1027 1790 1049 ,
1838 996 1926 1039 hoc
1951 1002 2020 1040 cst

319 1078 408 1107 non
434 1064 616 1107 stultam
640 1063 963 1120 arrogantiam,
1015 1065 1194 1120 qualem
1222 1067 1412 1121 produnt
1439 1066 1533 1118 ilii,
1575 1066 1651 1121 qui
1675 1067 1914 1111 temerario
1947 1067 2019 1110 in·-

319 1139 554 1179 ventorum
582 1148 765 1178 suorum
801 1148 954 1177 amore
981 1135 1099 1191 capti
1129 1136 1308 1180 decreta
1333 1141 1378 1180 et
1411 1137 1577 1192 placita
1609 1151 1690 1181 sua
1710 1138 1842 1180 unice
1872 1139 2017 1181 admi-

318 1212 497 1261 rantur,
550 1207 627 1249 sed
652 1204 850 1249 veritatis
891 1207 1111 1261 quandam
1142 1208 1514 1264 praesagitionem
1550 1208 1823 1251 extrinsecus
1863 1222 2015 1251 rerum

318 1278 653 1336 magnitudine,
700 1276 945 1333 gravitate,
986 1277 1203 1334 dignitate
1229 1278 1439 1322 iniectam
1469 1284 1601 1334 atquc
1624 1278 1745 1322 intus
1777 1279 1825 1322 in
1859 1279 2018 1336 optimi

318 1350 533 1406 cuiusque
575 1351 756 1406 pectore
794 1347 1003 1391 divinitus
1037 1348 1270 1392 inclusam.
1354 1351 1504 1406 Quam
1539 1349 1718 1404 quidem
1751 1350 2015 1393 sententiam

314 1426 513 1465 nostram
551 1433 689 1476 quum
723 1418 930 1463 universa
968 1419 1165 1462 Socratis
1200 1419 1437 1475 disputatio
1480 1434 1633 1464 veram
1674 1435 1772 1464 esse
1812 1425 2013 1474 testetur,

314 1497 414 1537 tum
445 1490 664 1548 imprimis
689 1491 950 1534 confirmant
975 1504 1089 1546 quae
1127 1506 1169 1547 p.
1191 1490 1261 1533 84.
1292 1491 1341 1534 C.
1362 1493 1418 1538 D.
1442 1493 1495 1535 Ε.
1533 1506 1576 1547 Ρ.
1602 1489 1671 1536 85.
1708 1492 1758 1534 C.
1796 1507 1839 1547 p.
1857 1491 1929 1535 9⁰.
1948 1493 2010 1546 E.

314 1578 359 1620 p.
383 1563 455 1607 91.
482 1564 535 1608 A.
556 1563 611 1606 Β.
634 1562 684 1606 G.
712 1577 755 1618 p.
781 1561 870 1604 107
890 1576 983 1618 sqq.
1012 1563 1071 1606 ab
1105 1576 1158 1604 eo
1191 1561 1410 1606 dicuntur.
1471 1563 1671 1605 Tantum
1701 1562 1844 1620 igitur
1871 1565 2012 1616 abest,

312 1638 365 1678 ut
385 1635 539 1687 Plato,
567 1647 655 1676 non
677 1620 905 1677 intellecta
921 1633 1018 1688 rei,
1045 1647 1180 1688 quam
1203 1634 1424 1686 tractavit,
1453 1633 1728 1686 difficultate,
1764 1635 1899 1676 stulte
1921 1634 2013 1678 sibi

311 1704 584 1763 persuaserit
612 1703 910 1760 argumentis,
951 1717 1066 1759 quae
1084 1704 1381 1760 exposuisset,
1412 1703 1530 1746 effici
1552 1704 1801 1748 necessaria
1820 1705 2010 1758 ratione,

311 1781 363 1820 ut
395 1789 519 1834 spem
549 1774 896 1818 immortalitatis
922 1774 1175 1818 animorum
1215 1779 1383 1818 certam
1423 1776 1784 1831 exploratamque
1819 1775 2010 1819 habere-

310 1862 440 1902 mus;
469 1852 522 1892 ut
547 1845 734 1890 humani
756 1844 928 1909 ingenii
943 1845 1296 1890 mediocritatem
1315 1846 1484 1890 maiore
1507 1861 1610 1890 cum
1631 1846 1848 1890 modestia
1868 1859 2010 1904 agno-

310 1919 455 1972 verit,
496 1932 630 1976 quam
649 1916 851 1975 plerique
871 1931 1027 1960 eorum
1041 1950 1054 1971 ,
1092 1917 1170 1973 qui
1201 1917 1446 1961 recentiore
1481 1921 1626 1960 aetate
1651 1917 1837 1961 eandem
1873 1931 2008 1973 quae-

310 1991 501 2035 stionem
527 1992 840 2034 tractaverunt.
900 1990 1053 2044 Quum
1100 1992 1251 2032 autem
1293 2001 1447 2031 rerum
1490 1988 1798 2032 difficultatem
1838 1992 2008 2032 tantam

310 2077 408 2105 esse
436 2059 710 2118 intelligeret
725 2066 754 2115 ,'
777 2064 828 2104 ut
863 2061 1006 2103 multa
1029 2060 1221 2103 divinari
1252 2060 1399 2116 potius
1429 2059 1581 2103 animo
1606 2073 1742 2114 quam
1768 2063 1916 2102 mente
1936 2058 2007 2103 in-

307 2133 459 2192 telligi
481 2147 534 2177 ac
551 2132 745 2176 dilucide
769 2130 982 2187 explicari
999 2145 1128 2188 posse
1147 2130 1423 2183 viderentur3
1466 2131 1745 2173 mium-non
1773 2133 1840 2173 est
1867 2130 2006 2175 etiam

308 2205 355 2249 in
372 2206 462 2248 hoc
480 2205 599 2248 libro
623 2202 925 2247 subtilissimis
940 2217 1092 2246 rerum
1113 2201 1481 2258 disputationibus
1503 2202 1764 2268 intertextas
1785 2213 1881 2244 esse
1906 2215 2006 2259 my·-

307 2277 454 2320 thicas
476 2281 521 2319 et
543 2276 767 2320 fabulosas
795 2274 1094 2330 narrationes,
1143 2287 1258 2330 quae
1292 2274 1442 2316 locum
1469 2273 1699 2317 obtineant
1729 2271 2005 2315 demonstra-

307 2348 440 2392 tionis
465 2352 509 2390 et
529 2333 753 2390 certorum
777 2349 1157 2403 argumentorum.
1215 2346 1286 2387 De
1314 2358 1403 2399 qua
1424 2358 1474 2386 re
1493 2343 1597 2387 vide
1619 2357 1734 2399 quae
1759 2342 1915 2386 monui
1946 2344 2004 2387 ad

307 2434 402 2476 cap.
427 2417 498 2462 57.
536 2434 580 2474 Ρ.
600 2417 700 2462 107.
720 2418 775 2461 D.
832 2416 947 2460 Nam
969 2416 1202 2459 verissime
1229 2414 1600 2459 Eberhardus
1635 2413 1797 2470 Script.
1817 2413 2003 2458 Miscel-

305 2492 394 2537 lan.
428 2506 470 2547 p.
496 2488 595 2532 382.
627 2488 740 2532 haec
770 2487 967 2543 scripsit:
1026 2488 1193 2531 »Man
1230 2487 1380 2531 kann
1423 2485 1509 2528 als
1547 2483 1752 2541 gewil's
1780 2498 1844 2528 an
1860 2485 2002 2527 neh-

305 2575 454 2613 men,
507 2559 675 2603 Plato
703 2559 852 2603 habe
880 2558 1006 2602 sich
1034 2557 1343 2602 bisweilen
1371 2556 1470 2599 der
1497 2553 1738 2614 Mythen
1779 2554 1855 2598 im
1884 2555 2002 2599 Ge-

305 2647 411 2689 gen
428 2633 551 2674 satz
589 2630 685 2673 des
730 2629 1222 2673 Raisonnements
1271 2628 1405 2671 oder
1456 2626 1558 2669 der
1604 2625 1999 2670 Vernunftbe-

305 2703 474 2747 weise
500 2703 532 2746 b
553 2701 770 2753 edient,
829 2701 892 2745 da
941 2714 1020 2745 wo
1068 2713 1176 2744 von
1219 2697 1664 2756 Gege‘nstaeindcn
1706 2697 1803 2741 die
1847 2699 2001 2742 Rede

306 2789 445 2827 war,
501 2772 598 2815 die
637 2786 840 2816 ausser
881 2771 1000 2814 dem
1041 2768 1507 2816 Gesichtskreise
1546 2768 1644 2812 der
1679 2769 2000 2812 menschli-

305 2843 464 2888 chcn'
503 2843 790 2886 Vernunft
833 2842 942 2885 und
969 2842 1312 2898 Erfahrang
1338 2839 1532 2897 liegen
1551 2872 1565 2893 ,
1604 2839 1738 2882 oder
1765 2853 1848 2884 wo
1884 2839 1998 2884 ihm

304 2915 397 2959 die
435 2912 975 2958 Vernunt'tbeweise
1012 2913 1199 2955 selbst
1235 2911 1382 2957 noch
1422 2926 1487 2954 zu
1526 2911 1748 2954 schwer
1788 2924 1998 2963 waren,

304 2986 443 3029 oder
469 2998 548 3028 wo
578 2984 664 3027 sie
692 2985 814 3027 ihm
841 2985 933 3026 fiir
962 2984 1052 3027 die
1079 2983 1542 3039 Fassungskraft
1578 2981 1779 3025 seiner
1807 2980 1997 3024 zaha-

302 3070 396 3100 rer
424 3070 493 3099 zu
522 3055 742 3099 schwer
781 3054 1078 3098 schienen.
1096 3071 1119 3094 «
1158 3079 1217 3087 -
1270 3051 1653 3110 Quemadmodum
1675 3055 1824 3095 autem
1847 3051 1998 3108 philo-

302 3128 470 3183 sophus
500 3130 649 3169 noster
678 3125 725 3168 in
754 3138 908 3168 rerum·
936 3127 1227 3169 obscurarum
1256 3124 1538 3168 enarratione
1564 3122 1742 3180 mythos
1774 3122 1996 3175 adhibuit,

299 3197 463 3253 quibus
502 3196 640 3240 animi
689 3196 760 3240 sui
794 3210 922 3239 sensa
957 3211 1044 3240 non
1073 3199 1166 3242 tam
1199 3196 1410 3252 aperiret,
1449 3209 1582 3250 quam
1606 3193 1900 3251 significaret3
1930 3194 1995 3238 ita

299 3267 490 3310 dubium
509 3281 597 3310 non
618 3271 705 3321 est,
743 3267 852 3323 quin
874 3267 994 3320 idem
1016 3283 1121 3312 usus
1141 3268 1199 3312 sit
1227 3268 1363 3312 etiam
1393 3266 1673 3322 superiorum
1704 3264 1994 3321 philosopho-

301 3351 402 3383 mun
419 3336 607 3383 decretis
637 3343 681 3385 et
711 3337 886 3396 placitis
908 3340 965 3383 ad
985 3340 1212 3399 probanda
1234 3344 1279 3387 et
1300 3336 1642 3384 demonstranda
1669 3349 1744 3390 ea,
1781 3348 1896 3394 quae
1918 3349 1993 3381 ca-
2038 3328 2040 3350 ⁴
