2040 3646
263 168 337 225 13
767 172 770 177 ·
835 206 839 211 .
898 154 1304 210 PRAEFATIO

264 309 374 344 snae
398 296 616 340 ratIonem
641 292 848 338 continuo
866 290 1059 350 quodam
1089 289 1356 350 scriptorum
1387 279 1540 338 ordin'e
1569 296 1701 350 atque
1732 294 1848 344 serie
1883 309 1958 337 ex-

265 383 427 427 ponere
451 367 645 410 voluisse
668 365 888 422 opineris,
916 365 991 408 cui
1010 370 1159 408 tamen
1178 365 1376 422 opinioni
1400 367 1543 409 multa
1559 370 1663 422 sunt
1683 380 1798 421 quae
1818 367 1959 424 pluri-

265 451 389 485 mum
410 438 724 489 adversantur,
751 437 876 480 nullo
899 437 1032 479 modo
1059 436 1163 480 inde
1191 436 1349 493 colligi
1377 436 1621 492 quidquam
1647 451 1777 493 posse
1807 438 1960 479 videa-

264 517 338 554 tur
372 510 426 551 de
454 505 777 552 necessitudine
807 511 852 551 et
882 507 1218 560 coniunctione,
1268 520 1382 563 quae
1418 507 1462 551 ei
1500 520 1605 550 cum
1634 506 1736 551 aliis
1759 508 1960 550 Platonis

264 576 395 625 libris
420 579 682 636 praesertim
700 579 818 634 quod
839 578 994 623 attinet
1009 574 1062 622 ad
1088 584 1286 634 tempus,
1323 591 1410 634 quo
1436 577 1592 636 scripti
1612 584 1734 630 sunt,
1773 578 1960 621 interce-

264 654 351 698 dat,
415 653 567 707 Quum
587 646 707 692 enim
739 648 915 693 divinus
948 648 1241 706 philosophus
1269 649 1418 692 animo
1444 664 1524 693 suo
1553 655 1811 706 conceptam
1841 657 1961 693 tenc-

265 730 335 767 ret
371 722 688 778 philosophiae
720 722 942 777 quandam
973 722 1162 766 formam
1190 724 1235 764 et
1273 717 1516 776 rationem,
1561 727 1709 764 tamen
1743 721 1963 765 scribendi

265 794 452 838 consilia
471 793 746 849 'temporibus
778 792 843 836 ita
862 790 1238 845 accommodavit,
1281 796 1331 834 ut
1358 790 1559 849 singulas
1591 793 1806 848 quasdam
1839 793 1963 835 illius

264 871 412 922 partes
444 867 598 908 oblata
632 859 860 907 scribendi
897 864 1223 920 opportunitate
1257 860 1477 919 explicare
1507 860 1719 907 maluisse
1747 864 1962 915 videatur,

264 949 400 993 quam
424 947 607 979 omnem
632 929 878 978 doctrinam
902 941 1115 991 perpetuo
1146 935 1336 991 quodam
1361 935 1515 977 ordine
1536 933 1844 991 disputationis
1863 950 1962 992 per-

263 1004 404 1064 sequi.
463 1007 589 1050 Unde
624 1006 791 1049 factum
823 1009 913 1058 est,
961 1010 1012 1048 ut
1049 1006 1265 1062 plurimos
1289 1005 1411 1048 locos
1444 1005 1609 1048 iterum
1637 1010 1770 1061 atque
1800 1006 1962 1049 iterum

262 1074 546 1131 tractaverit,
575 1073 709 1133 idque
732 1091 814 1133 pro
836 1072 1035 1131 consilii,
1064 1077 1182 1132 quod
1200 1077 1484 1133 sequebatur,
1512 1076 1686 1122 ratione
1706 1075 1838 1120 modo
1861 1079 1964 1120 bre-

263 1146 389 1203 vius,
417 1150 548 1192 modo
571 1146 822 1204 copiosius3
863 1160 980 1189 nunc
1002 1147 1175 1190 minore
1202 1147 1415 1190 orationis
1447 1152 1630 1200 ornatu,
1670 1162 1790 1191 nunc
1819 1150 1964 1205 splen-

264 1219 466 1272 didiore3
495 1230 612 1263 nunc
636 1214 832 1262 admixto
864 1218 1036 1261 ironiae
1069 1217 1187 1271 sale,
1221 1230 1339 1260 nunc
1369 1219 1603 1262 severitate
1632 1219 1961 1262 dialecticorum

265 1294 513 1335 observata.
570 1291 725 1346 Itaque
744 1284 977 1333 laudamus
1013 1289 1192 1344 quidem
1219 1302 1375 1333 eorum
1406 1289 1712 1347 diligentiam,
1751 1292 1828 1347 qui
1859 1292 1964 1346 qnid

264 1364 312 1406 in
335 1362 618 1419 singulorum
643 1362 863 1404 librorum
889 1358 1166 1417 argumentis
1182 1359 1289 1403 insit
1321 1361 1625 1405 similitudinis
1660 1368 1705 1405 et
1735 1365 1961 1420 cognatio—

263 1435 359 1487 nis,
407 1433 681 1490 investigare
712 1428 1000 1483 studuerunt3
1041 1426 1119 1475 sed
1152 1432 1271 1487 quod
1299 1443 1353 1476 'ex
1385 1434 1473 1477 hae
1500 1435 1599 1476 sola
1628 1446 1679 1476 re
1714 1435 1768 1476 de
1794 1435 1958 1483 ordine,

263 1517 353 1562 quo
386 1501 586 1548 Platonis
617 1497 726 1548 libri
750 1517 857 1546 »sese
887 1503 1166 1559 exceperint,
1216 1503 1316 1547 ausi
1348 1509 1449 1547 sunt
1480 1505 1626 1548 facere
1661 1506 1960 1550 coniecturam

263 1579 463 1632 adeoque
481 1570 749 1618 'confidenter
771 1573 1073 1631 pronuntiare,
1102 1574 1148 1617 id
1173 1589 1277 1619 vero
1291 1579 1342 1618 ut
1363 1574 1671 1632 probaremus,
1692 1589 1917 1632 nunquam
1934 1592 1959 1620 a

262 1649 393 1691 nobis
414 1647 766 1704 impetravimus.
803 1646 957 1701 Neque
979 1645 1097 1688 enim
1122 1657 1175 1687 ex
1197 1646 1282 1689 hac
1302 1647 1566 1704 cognatione
1588 1645 1828 1703 quidquam
1850 1649 1960 1692 certi

240 1721 477 1778 colliga&
520 1710 617 1761 nisi*
638 1718 727 1760 hoc
754 1711 926 1773 ipsum,
971 1717 1206 1759 Platonem
1241 1731 1380 1760 unum
1410 1718 1616 1774 idemque
1647 1726 1958 1776 argumentum

262 1787 438 1848 saepius
476 1788 680 1846 attigisse
708 1792 786 1831 aut
813 1791 1048 1830 tractasse:
1099 1786 1155 1830 de
1181 1788 1334 1831 ordine
1368 1801 1421 1832 ac
1459 1794 1684 1846 tempore,
1736 1805 1823 1846 quo
1862 1792 1959 1834 eius

260 1858 371 1906 libri
394 1855 675 1919 prodierunt,
714 1858 778 1902 ita
809 1857 988 1900 demum
1020 1854 1131 1918 certi
1158 1858 1328 1915 aliquid
1350 1861 1579 1914 statueris,
1621 1862 1658 1904 si
1693 1861 1828 1905 simul
1865 1870 1960 1905 tum

261 1932 488 1977 scribendi
510 1930 900 1988 opportunitatem,
935 1934 1032 1972 tum
1059 1931 1301 1974 disserendi
1318 1931 1536 1974 rationem
1559 1934 1834 1990 formamque
1858 1935 1962 1978 dili-

259 2009 420 2062 genter
443 1998 805 2047 consideraveris.
862 2000 1075 2057 Alioquin
1094 2003 1214 2046 enim
1242 2000 1328 2046 ista
1350 2002 1466 2046 ratio
1495 2008 1668 2047 tantum
1696 2007 1833 2049 habet
1853 2007 1959 2063 vagi

259 2081 394 2132 atque
419 2071 608 2127 incerti,
635 2078 686 2118 ut
706 2067 822 2129 quod
845 2067 900 2114 de
925 2086 1014 2115 uno
1041 2073 1195 2129 aliquo
1227 2071 1538 2130 pronuntiatur
1558 2076 1698 2129 libro,
1722 2075 1840 2120 idem
1866 2079 1959 2133 ple·

257 2158 448 2203 rumque
480 2145 619 2202 possit
651 2145 707 2187 de
742 2143 946 2201 pluribus
978 2139 1079 2191 aliis
1104 2157 1191 2187 non
1224 2145 1320 2188 sine
1355 2147 1503 2202 specie
1525 2147 1723 2191 veritatis
1755 2147 1956 2192 iudicari.

257 2216 403 2274 Atque
436 2218 549 2260 haec
578 2212 758 2273 quidem
791 2215 1014 2271 disputare
1049 2212 1240 2272 placuit,
1279 2221 1330 2259 ut
1359 2215 1712 2275 intelligeretur,
1751 2233 1838 2275 quo
1859 2220 1959 2263 iure

257 2289 587 2341 discederemus
626 2301 654 2331 a
693 2284 1054 2331 Schleierma
1071 2287 1233 2331 cheri
1263 2287 1455 2342 iudicio,
1506 2287 1583 2344 qui
1610 2290 1840 2334 Phaedoni
1863 2304 1958 2333 me-

258 2360 383 2403 dium
415 2361 567 2402 locum
596 2357 714 2402 inter
746 2357 1030 2415 Symposium
1073 2362 1207 2414 atque
1237 2357 1479 2401 Philebum
1513 2360 1826 2416 assignandum
1860 2376 1956 2405 esse

258 2428 444 2476 censuit.
482 2431 598 2474 Nam
629 2441 742 2485 quae
761 2429 830 2472 vir
849 2428 1129 2472 acutissimus
1152 2431 1297 2473 Praef.
1321 2430 1377 2473 ad
1397 2428 1625 2474 Phaedon.
1646 2432 1740 2488 μδ.
1767 2430 1956 2489 scripsit,

257 2503 424 2559 quibus
458 2501 651 2545 maxime
677 2497 896 2544 rationem
922 2514 1050 2543 ruam
1076 2499 1218 2544 voluit
1250 2499 1542 2554 confirmare,
1582 2515 1637 2545 ea
1678 2508 1722 2546 et
1751 2504 1954 2560 argutius

257 2587 395 2629 quam
417 2569 566 2616 verius
583 2572 701 2616 dicta
727 2574 852 2624 sunt,
886 2585 1031 2628 neque
1063 2573 1253 2628 probare
1274 2566 1455 2615 omnino
1477 2572 1682 2616 videntur
1712 2576 1827 2629 quod
1850 2589 1953 2630 pro-

258 2645 456 2689 bandum
491 2641 588 2687 fuit.
647 2644 761 2687 Sunt
791 2646 942 2686 autem
981 2648 1160 2700 praeter
1187 2642 1277 2686 alia
1306 2643 1474 2687 leviora
1506 2642 1784 2700 potissimum
1813 2647 1952 2690 baec:

258 2717 455 2758 »Denn
494 2714 598 2759 wie
635 2711 730 2758 die
773 2713 903 2757 dort
953 2715 1059 2769 (im
1099 2711 1478 2770 Symposion)
1521 2715 1952 2760 beschriebene

258 2786 442 2831 laiebe
485 2785 585 2829 das
611 2784 926 2829 Bostreben
964 2784 1066 2838 ist,
1115 2786 1213 2828 das
1242 2784 1666 2829 Unsterbliche
1705 2787 1810 2830 mit
1838 2789 1954 2833 dem

259 2856 648 2901 Sterblichen
703 2869 769 2900 zu
810 2854 1157 2900 verbindem
1216 2868 1275 2898 so
1314 2855 1392 2899 ist
1434 2855 1531 2899 die
1571 2857 1704 2900 hier
1743 2855 1952 2916 darge-

261 2927 470 2972 stellte
520 2929 682 2972 reine
733 2926 1143 2984 Betrachtung
1194 2927 1295 2971 das
1341 2927 1669 2972 Bestreben
1711 2928 1809 2973 das
1843 2930 1954 2974 Un-

261 2998 608 3043 sterbliche
637 3000 724 3043 als
753 2999 997 3042 solches
1025 3012 1127 3042 aus
1157 2996 1276 3040 dem
1305 2997 1683 3042 sterblichen
1712 3000 1953 3044 zuriick-

261 3068 574 3114 zuziehen.
634 3069 754 3114 Und
782 3069 950 3113 beide
989 3068 1118 3113 sind
1148 3068 1416 3113 offenbar
1445 3068 1819 3129 nothwendig
1852 3073 1950 3116 mit

262 3141 359 3185 ein
371 3155 398 3185 a
413 3157 440 3184 n
454 3140 481 3183 d
495 3156 551 3184 er
578 3141 708 3185 verb
721 3137 826 3183 und
839 3152 913 3183 en.
934 3154 957 3180 α
1014 3138 1235 3185 Nimirum
1256 3140 1343 3183 ista
1367 3146 1411 3184 et
1427 3140 1606 3197 longius
1628 3141 1816 3198 repetita
1833 3149 1950 3196 sunt,

260 3217 312 3256 ut
346 3226 400 3255 ex
434 3218 698 3269 argumento
724 3208 950 3268 Symposii
977 3210 1109 3255 facile
1139 3207 1442 3268 intelligetur,
1477 3217 1545 3267 et,
1591 3211 1630 3254 si
1656 3213 1728 3255 vel
1755 3214 1950 3257 maxime

259 3297 366 3327 vera
383 3289 547 3338 essent,
576 3289 722 3327 tamen
746 3280 1032 3326 Phaedonem
1052 3295 1155 3324 cum
1177 3281 1410 3339 Symposio
1438 3283 1686 3327 necessario
1722 3298 1819 3327 esse
1849 3290 1948 3328 tan-

257 3368 393 3411 quam
414 3353 462 3399 in
485 3367 623 3400 unum
658 3351 1016 3412 coniungendam
1050 3352 1308 3410 neutiquam
1343 3353 1581 3402 efficerent.
1642 3354 1764 3412 Quid
1792 3355 1945 3402 enim?
