2040 3646
655 181 752 232 An
787 178 1273 235 PHAEDONEM.
1738 189 1806 244 19

118 333 263 362 nonne
272 315 517 377 graviores
514 316 667 360 etiam
687 331 740 363 ac
761 316 911 361 mInus
932 316 1163 375 speciosae
1180 316 1332 367 afferri
1362 315 1571 374 'poterunt
1597 317 1807 371 rationes,

112 390 280 454 quibus
315 391 436 432 hunc
465 389 635 433 librum
664 388 875 431 doceatur
909 387 1155 434 arctissimo
1187 401 1289 433 cum
1309 388 1514 434 Phaedro
1536 393 1613 434 aut
1636 391 1808 448 Gorgia

116 465 194 504 aut
210 461 376 504 Politia
404 458 682 503 cohaerere?
740 459 827 502 Sed
855 459 972 503 hanc
1004 447 1346 529 disputationem
1377 459 1611 517 quominus
1626 461 1808 519 longius

114 545 456 588 persequamur,
512 529 722 587 prohibet
750 529 887 573 huius
917 524 1136 574 editionis
1157 525 1414 574 consilium.
1474 529 1629 587 Itaque
1664 529 1806 588 satius

115 602 202 645 erit
221 603 413 645 lectores
435 599 649 658 ablegare
684 601 742 644 ad
763 595 840 655 ea‚'
881 615 993 658 quae
1018 597 1273 657 disputavit
1286 600 1488 657 Astius
1516 603 1573 645 de
1599 587 1726 647 Vita
1755 609 1807 647 et

115 673 365 729 Scriptis
394 672 726 729 Platonis-p.
748 670 834 715 157
855 685 950 727 sqq.
987 674 1033 714 et
1060 671 1350 728 So-cherus
1384 672 1431 715 in
1460 673 1580 717 libro
1599 672 1806 718 eiusdem

114 744 371 801 argumenti
395 761 437 801 p.
458 743 516 787 79
541 758 632 799 sqq.
646 773 659 795 ‚
689 743 770 785 ubi
784 742 920 786 etiam
940 745 1112 784 ceterae
1138 742 1332 786 rationes
1352 757 1381 787 a
1394 742 1805 790 Schleiermachero

113 816 171 858 ad
194 815 406 860 tuendum
425 822 556 860 suum
577 813 795 858 iudicium
814 814 981 858 allatae
1007 811 1328 857 examinantur..
1368 854 1374 857 .

396 1197 503 1241 ΤΑ
536 1195 688 1240 ΤΟΤ
725 1193 1120 1239 ΔΙΑΛΟΓΟΤ
1156 1151 1524 1238 ΠΡΟΣΩΠΑ

113 1298 647 1369 ΕΧΕΚΡΑΤΗΣ,
735 1295 1091 1366 ΦΑΙΔΩΝ,
1172 1234 1802 1366 ΑΠΟΛΛΟΔΩΡΟΣ,

114 1383 586 1471 ΣΩΚΡΑΤΗΣ,
652 1383 959 1453 ΚΕ,ΒΗΣ
1024 1381 1402 1452 ΣΙΜΜΙΑΣ,
1469 1382 1803 1514 ΚΡΙΤΩΝ,

505 1504 548 1548 Ο
580 1504 722 1549 ΤΩΝ
743 1504 1001 1549 ΕΝΔΕΚΑ
1035 1502 1398 1549 ΤΠΗΡΕΤΗΣ.

279 1819 880 1976 Cap.I.A13t'mdg‚
934 1895 980 1957 ο)
1018 1869 1268 1943 Φαίδων,
1322 1868 1636 1948 παρεγένου
1667 1874 1798 1932 Σω-
1838 1882 1923 1944 57

110 1951 295 2031 κράτει
328 1955 504 2032 ἐκείνῃ
543 1960 612 2033 τῇ
647 1954 824 2035 ἡιιέρᾳ
842 1998 859 2028 ,
936 1947 975 2032 ᾖ
1010 1953 1075 2014 τὸ
1112 1954 1408 2034 φάρμακον
1445 1955 1590 2016 ἔπιεν
1627 1955 1684 2016 ἐν
1720 1963 1797 2016 τῶ

110 2040 493 2143 δεσμωτηρίῳ,
537 2036 574 2120 ἢ
615 2034 794 2099 ἄλλου
828 2061 933 2098 του
967 2036 1252 2119 ἥκουσαςς
1339 2042 1540 2099 ΦΑΙΔ.
1603 2018 1799 2115 Αὐτός,

110 2112 165 2181 ὦ
174 2119 503 2202 Ἐχέκρατες.
591 2128 719 2183 EX.
772 2124 843 2182 Τί
868 2113 975 2184 οὖν
1000 2123 1071 2205 δή
1098 2125 1241 2184 ἐστιν
1267 2144 1400 2182 atra
1425 2119 1571 2185 εἶπεν
1599 2123 1632 2185 ὃ
1658 2123 1801 2208 ἀνὴρ

169 2296 274 2353 cap.
296 2297 333 2340 Ι.
363 2297 414 2340 P.
435 2295 507 2342 57.
548 2293 720 2352 Αὐτός,
751 2291 788 2342 ὦ
811 2296 922 2342 Φαί-

114 2354 230 2409 δων,
261 2370 309 2398 π.
323 2355 340 2410 ]
398 2355 579 2399 Phaedo
607 2357 684 2399 hic
718 2356 802 2400 fuit
828 2356 924 2398 Eli-

114 2411 282 2463 densis,
311 2412 375 2454 ita
399 2412 541 2456 dictus
566 2428 594 2456 a
612 2413 777 2469 patria,
809 2427 924 2481 quae

110 2469 195 2511 fuit
224 2468 346 2521 Elis,
388 2471 494 2523 urbs
518 2470 685 2523 Elidis,
727 2469 925 2527 regionis

111 2499 419 2581 Peloponnesi.
476 2528 519 2569 Is
549 2527 723 2570 Socrati
756 2535 799 2570 et
821 2528 925 2569 Pla-

113 2582 208 2624 toni
260 2597 340 2638 per
370 2583 454 2625 fuit
484 2585 747 2637 familiaris,
809 2585 925 2626 unde

111 2638 229 2694 apud
257 2640 439 2681 Cicen.
469 2641 595 2684 deN.
614 2643 668 2684 D.
695 2642 730 2684 I.
753 2640 823 2684 33.
846 2656 924 2683 vo-

111 2701 236 2738 catur
258 2697 441 2738 Phaedo
465 2698 715 2740 Socraticus
745 2704 788 2741 et
798 2698 925 2767 apud

110 2752 301 2820 Synes.
333 2769 374 2808 p.
403 2753 474 2796 23.
516 2751 540 2798 ὁ
567 2757 753 2799 Φαιδων
786 2749 810 2799 ὁ
838 2756 923 2798 τοῦ

112 2806 376 2858 Πλάτωνος.
413 2811 590 2854 Exstitit
617 2812 753 2855 etiam
772 2818 925 2868 postea

18 2880 23 2884 ·
111 2871 265 2909 auctor
278 2880 416 2908 novae
435 2867 644 2921 similiae
675 2884 790 2924 quae
801 2869 924 2911 Elia—-

113 2937 166 2966 ca
191 2923 310 2965 dicta
332 2930 425 2975 est,
467 2924 727 2981 scripsitque
757 2927 921 2969 multos

112 2980 328 3036 dialogos,
357 2980 433 3034 qui
448 2985 594 3024 tamen
613 2997 764 3025 omnes
778 2983 922 3040 perie-

60 3068 62 3071 ,
111 3048 174 3079 re.
227 3050 269 3079 v.
314 3036 478 3094 Diog.
512 3039 698 3084 Laert.
725 3041 781 3084 ΙΙ.
819 3037 918 3084 105.

115 3093 350 3136 Gellius
378 3095 434 3136 11.
473 3094 542 3137 18.
585 3097 920 3164 Hesychius

111 3149 382 3192 Milesius
411 3152 516 3207 περὶ
540 3154 700 3209 σοφῶν
719 3170 761 3210 p.
783 3154 841 3196 39
855 3168 919 3209 sq.

110 3205 276 3249 Meurs.
325 3208 357 3250 S
379 3222 409 3249 u
426 3208 441 3250 i
464 3209 491 3250 d
515 3224 542 3251 a
563 3224 583 3252 s
631 3210 678 3252 in
721 3211 921 3254 Φαίδων.

108 3263 217 3304 Eius
239 3264 417 3306 nomine
445 3267 577 3309 Plato
607 3266 726 3309 hunc
755 3268 922 3310 librum

110 3318 356 3387 inscripsit,
399 3323 505 3378 quia
534 3337 636 3366 eum
670 3331 920 3367 narrantem

109 3375 214 3418 fecit
243 3391 316 3430 ea,
361 3393 475 3434 quae
510 3380 714 3424 Socrates
743 3382 789 3423 in
822 3396 921 3423 car-

28 3451 33 3478 :
108 3443 228 3486 cere,
255 3439 491 3491 antequam
518 3437 710 3482 cicutam
730 3439 920 3491 biberet,

987 2296 1042 2340 de
1065 2295 1400 2341 immortalitate
1425 2298 1677 2344 animorum
1710 2301 1803 2346 dis-

987 2354 1141 2397 seruit.
1171 2377 1200 2386 -
1237 2355 1505 2399 Echecrates
1535 2358 1645 2410 fuit,
1674 2364 1724 2402 ut
1747 2374 1802 2404 ex

988 2412 1282 2480 sequentibus·
1327 2413 1474 2455 verbis
1514 2414 1799 2472 intelligitur,

987 2468 1238 2520 Phliasius,
1267 2468 1331 2512 ita
1358 2469 1500 2513 dictus
1519 2486 1546 2514 a
1570 2472 1800 2526 Phliunte,

991 2524 1150 2582 oppido
1171 2526 1417 2583 Sicyoniae.
1466 2528 1802 2573 Commemora-

990 2587 1062 2624 tur
1089 2587 1236 2625 autem
1276 2585 1542 2629 Echecrates
1571 2586 1801 2630 Phliasius

988 2639 1105 2682 inter
1152 2641 1462 2697 Pythagoreos
1520 2656 1548 2685 a
1606 2643 1682 2684 D
1668 2658 1731 2686 10
1750 2658 1799 2700 g.

988 2698 1169 2739 Laert.
1203 2698 1316 2741 v111.
1337 2697 1406 2741 46.
1430 2703 1473 2740 et
1501 2700 1800 2743 Iamblich.

988 2753 1072 2795 Vit.
1112 2754 1356 2810 Pythagor.
1392 2755 1428 2797 Ι.
1459 2754 1527 2799 35.
1583 2757 1660 2812 qui
1695 2771 1802 2800 sane

986 2810 1166 2852 videtur
1216 2811 1333 2853 idem
1383 2827 1480 2854 esse
1526 2818 1658 2868 atque
1707 2815 1800 2867 hic,

988 2881 1121 2921 quem
1163 2869 1290 2910 Plato
1330 2870 1653 2924 colloquentem
1696 2885 1800 2914 cum

987 2925 1110 2967 Pha(
1118 2924 1227 2966 done
1247 2926 1503 2969 introduxit

1050 2981 1108 3023 Τί
1129 2975 1212 3024 οὖν
1243 2981 1331 3041 δή
1323 2980 1443 3026 ἐστιν
1476 2978 1594 3026 ἅττα
1615 2997 1648 3028 ε.
1660 2983 1679 3040 ]
1721 2983 1800 3027 Sic

986 3053 1026 3094 p.
1046 3036 1117 3080 58.
1141 3038 1189 3081 C.
1234 3041 1280 3082 τί
1305 3041 1362 3094 ἠν
1392 3037 1450 3083 τὰ
1471 3043 1517 3084 λε
1545 3040 1692 3085 θέντα
1721 3041 1803 3084 και

986 3093 1282 3168 πραχθένιχτα
1302 3099 1438 3154 Gorg.
1456 3113 1495 3153 p.
1568 3098 1607 3141 8.
1627 3099 1676 3141 C.
1702 3111 1801 3142 σκε-

988 3153 1128 3196 πτέον
1159 3153 1205 3195 τί
1232 3149 1290 3197 τὰ
1317 3156 1655 3233 συμβαίνοντας
1708 3157 1803 3197 Eu·-

989 3211 1238 3284 thykuhron,
1258 3226 1299 3266 p.
1323 3209 1393 3254 15
1432 3212 1482 3255 Α.
1525 3207 1638 3255 ἀλλὰ
1661 3211 1707 3254 τί
1740 3208 1798 3267 δή
1868 3210 1871 3213 ’

988 3282 1079 3310 ποτ
1114 3283 1172 3309 αν
1191 3266 1261 3322 εἴη
1284 3270 1455 3319 ταῦτα;
1484 3269 1563 3310 ubi
1583 3282 1624 3311 v.
1652 3276 1800 3311 annot.

987 3325 1152 3367 Contra
1176 3325 1401 3367 Phaedon.
1440 3339 1481 3380 p.
1507 3326 1604 3368 112.
1631 3327 1681 3368 Α.
1726 3321 1802 3368 ἆλ-

986 3378 1043 3424 λὰ
1069 3384 1174 3424 τίνα
1197 3377 1253 3438 δὴ
1279 3375 1337 3439 ἦν
1356 3378 1414 3426 τὰ
1429 3379 1544 3439 μετὰ
1566 3384 1715 3428 ταῦτα
1734 3385 1804 3428 λε-

983 3437 1187 3494 χθέντας

1197 3498 1299 3554 2*
