2040 3646
638 183 743 240 AD
778 186 1213 244 SYMPoquM.
1516 147 1523 258 s
1735 195 1782 264 9

92 322 234 366 solam
253 321 392 368 animi
410 322 753 381 pulcritudinem
775 328 1078 370 consectamur
1096 337 1204 382 prae
1227 337 1366 380 eaque
1391 323 1590 381 cor-poris
1609 324 1769 369 florem

92 394 434 448 contemnimus3
462 397 578 439 unde
597 397 671 450 fit,
699 400 750 439 ut
770 396 938 452 studia,
968 397 1118 454 leges,
1145 409 1378 451 moresque
1407 410 1481 438 eos
1503 411 1771 453 cognoscere

90 464 310 519 velimus,
338 465 500 521 quibus
519 466 600 520 iis,
628 481 737 523 quos
766 480 990 520 amamus,
1030 466 1104 511 via
1126 467 1181 509 ad
1200 466 1459 523 sapientiam
1477 467 1772 524 virtutemque

91 534 328 590 aperiatur.
386 537 511 580 Alius
543 541 609 582 est
644 538 830 594 gradus,
870 548 959 593 quo·
985 537 1194 589 scientiae
1231 543 1274 580 et
1297 537 1605 596 philosophiae
1632 554 1772 585 venu2

91 609 249 647 statem
268 606 536 662 percipimus
563 613 607 652 et
632 623 661 655 a
685 608 983 665 singularium
1020 609 1076 651 ad
1093 608 1409 656 universalium
1435 623 1585 651 rerum
1606 611 1774 665 pulcri-2

90 676 291 721 tudinem
315 679 626 739 convertimur.
684 679 774 722 Hic
807 678 846 721 si
876 681 1014 735 probe
1042 693 1122 726 nos
1150 678 1500 731 exercuerimus,
1536 680 1614 722 lux
1642 681 1772 728 nobis

93 747 322 790 oborietur
356 749 664 805 pulcritudinis
696 763 849 801 verae,
887 750 1146 802 constantis,
1195 749 1512 801 immutabilis,
1553 755 1772 807 aeternae,

91 816 328 872 simplicis,
367 825 413 862 et
433 826 628 863 remotae
654 822 710 864 ab
742 819 863 863 omni
890 834 1099 876 corporea
1125 823 1295 864 natura.
1353 820 1453 875 Quo
1488 820 1695 877 adspectu
1721 827 1774 870 ut

90 888 316 944 frumnur,
356 904 515 946 operae
533 891 721 946 pretium
744 895 811 933 est
837 904 988 933 omnes
1013 890 1162 933 subire
1184 891 1375 934 labores.

259 960 364 1015 Cap.
388 960 526 1002 XXX.
539 952 603 994 '-—
627 961 788 1005 XXXI.
848 961 977 1004 Haec
1005 975 1142 1016 quum
1166 961 1346 1004 dixisset
1367 960 1594 1016 Socrates,
1643 965 1774 1008 aulae

92 1033 220 1085 porta
248 1031 535 1073 vehementer
575 1032 800 1087 pulsatur,
853 1031 1029 1084 auditur
1072 1032 1281 1075 tibicinae
1319 1046 1403 1075 vox
1434 1036 1480 1074 ct
1519 1034 1777 1078 comissam-2

92 1114 193 1143 rum
211 1102 390 1150 clamor.
447 1102 579 1147 Iubet
597 1117 748 1146 servos
765 1102 946 1158 Agatho
968 1117 1259 1160 cognoscere,
1289 1102 1366 1159 qui
1389 1102 1590 1145 homines
1617 1106 1776 1159 adsint,

94 1177 140 1214 et
166 1171 205 1215 si
225 1172 312 1215 sint
331 1172 593 1226 familiares,
625 1188 701 1217 eos
721 1174 974 1226 admittant3
1013 1175 1083 1217 sin
1103 1173 1275 1226 minus,
1319 1174 1541 1230 ablegent.
1601 1176 1779 1232 Ingruit

95 1242 150 1284 de
172 1249 352 1299 repente
377 1244 657 1298 Alcibiades,
686 1245 861 1297 ebrius,
891 1249 1147 1298 coronatus,
1191 1246 1341 1289 turbat
1360 1243 1628 1289 convivium:
1670 1246 1778 1289 dicit

93 1327 143 1356 se
162 1314 356 1369 venisse,
383 1319 433 1357 ut
459 1321 638 1359 coronet
657 1316 958 1373 Agathonem:
987 1315 1149 1363 assidet
1166 1315 1222 1358 ad
1242 1329 1358 1368 eum,
1388 1329 1530 1370 neque
1556 1320 1704 1363 tamen
1734 1317 1779 1360 ei

94 1385 343 1440 proximum
361 1386 588 1432 Socratem
613 1386 837 1443 conspicit.
898 1388 997 1441 Quo
1020 1386 1338 1438 animadverso,
1368 1386 1600 1429 exterritus
1620 1388 1779 1440 resilit,

95 1469 199 1496 eum
221 1456 439 1512 increpat,
468 1472 570 1500 mox
593 1463 741 1501 tamen
767 1462 959 1502 coronat.
1019 1456 1187 1501 Tul-bis
1206 1457 1406 1512 paullum
1424 1457 1591 1512 sopitis,
1620 1458 1780 1514 Nimis,

93 1525 260 1581 iuquit,
300 1528 440 1570 sobrii
466 1528 596 1582 estis,
633 1528 805 1582 amici,
859 1543 911 1572 ac
936 1529 1112 1580 'tristes3
1158 1527 1428 1570 bibendum!
1472 1528 1609 1581 affer,
1653 1543 1779 1585 puer,

95 1609 305 1654 magnam
337 1599 548 1654 phialam.
607 1599 909 1655 Reprehendit
938 1614 1038 1641 eum
1075 1598 1425 1654 Eryximachus,
1472 1604 1709 1653 monetque
1728 1614 1783 1642 ea

94 1662 288 1724 lege'eos
310 1669 490 1722 bibere,
519 1675 570 1713 ut
590 1671 758 1728 singuli
777 1671 834 1713 ad
857 1671 1066 1726 poculum
1095 1670 1248 1712 laudes
1281 1669 1455 1712 Amoris
1480 1669 1678 1712 oratione
1709 1685 1782 1715 cez-

95 1739 283 1784 lebrent.
339 1741 590 1789 Alcibiades
628 1742 788 1798 accipit
826 1741 1122 1790 conditionem
1146 1740 1340 1793 dicendi,
1381 1754 1522 1794 neque
1550 1744 1695 1784 tamen
1725 1742 1780 1783 de

97 1810 212 1866 alio,
249 1812 323 1853 vel
353 1812 534 1855 homine
566 1815 637 1855 vel
669 1814 777 1865 deo,
825 1827 959 1868 quam
995 1813 1048 1854 de
1080 1813 1262 1855 Socrate
1294 1811 1442 1854 dicere
1481 1811 1590 1853 vult.
1647 1813 1782 1854 Hunc

96 1881 238 1937 igitur
265 1882 328 1925 ita
346 1883 521 1938 laudat,
562 1890 612 1927 ut
637 1884 682 1926 in
716 1884 929 1927 ebrietate
960 1883 1026 1925 nil
1055 1882 1143 1926 nis-i
1177 1897 1334 1926 verum
1365 1882 1649 1938 pronuntiare
1678 1898 1780 1926 eum

97 1958 320 2008 appareat.

263 2026 370 2081 Cap.
395 2027 576 2069 XXXII.
596 2050 654 2061 —
673 2026 895 2069 XXXVII.
952 2026 1177 2070 Describit
1209 2026 1367 2069 faciem
1399 2026 1495 2068 eius
1522 2029 1567 2068 et
1594 2026 1782 2080 vultum,

98 2110 231 2151 quem
253 2111 352 2138 cum
375 2097 536 2139 Silenis
553 2103 789 2153 comparat.
844 2098 896 2140 In
921 2098 1184 2148 eiusironia
1214 2102 1380 2152 quanta
1409 2098 1467 2144 sit
1495 2097 1707 2151 sapientia
1736 2102 1780 2140 et

101 2167 353 2222 eloquentia
366 2199 378 2219 ,
408 2168 558 2226 docet,
584 2169 840 2224 patientiam
860 2173 903 2211 et
923 2169 1224 2211 fortitudinem
1247 2168 1294 2211 in
1313 2168 1476 2210 milit-ia
1494 2168 1667 2219 laudat,
1698 2169 1783 2212 int-.-

99 2238 309 2281 mortalia
342 2239 395 2280 dc
427 2238 495 2280 sui
528 2246 572 2283 et
611 2240 800 2282 aliorum
842 2239 1052 2282 iuvenum
1093 2239 1325 2294 disciplina
1355 2238 1580 2294 praedicat
1609 2239 1781 2283 merita.

98 2309 334 2352 Praeterea
375 2309 469 2352 eius
495 2310 717 2354 sanctitati
753 2310 799 2352 in
839 2324 990 2353 amore
1023 2310 1320 2353 clarissimum
1355 2311 1432 2351 d-at
1467 2309 1783 2363 testimonium,

100 2393 236 2434 Seque<
250 2393 279 2422 a
300 2379 481 2430 Socrate
502 2395 586 2422 non
604 2395 729 2422 secus
749 2395 800 2423 ac
825 2382 967 2423 filium
990 2396 1018 2424 a
1039 2388 1164 2437 patre
1185 2385 1382 2424 amatum
1404 2394 1503 2423 esse*
1528 2380 1732 2423 affirmat.

267 2451 370 2506 Cap.
402 2452 628 2493 xxxvlll
654 2476 708 2484 -
730 2453 933 2495 XXXIX.
994 2453 1229 2495 Sodalibus
1259 2451 1353 2494 eius
1381 2450 1583 2493 oratione
1614 2452 1786 2504 exhila-

99 2520 232 2573 ratis,
273 2535 373 2563 mox
403 2522 484 2564 alii
516 2523 827 2578 superveniunt
864 2524 1193 2576 comissatores,
1239 2523 1380 2566 turbis
1403 2523 1597 2576 repletur
1636 2522 1786 2564 couvi*-

100 2591 247 2644 vium,
274 2598 472 2647 potatur,
513 2594 675 2648 reliqui
696 2594 929 2649 paullatim
957 2596 1029 2638 vel
1051 2596 1232 2637 domum
1254 2594 1481 2636 discedunt
1507 2593 1577 2635 vel
1603 2592 1668 2634 ibi
1690 2607 1786 2636 ma-

101 2668 252 2707 nentes
292 2677 445 2709 somno
479 2664 723 2719 sopiuntur.
781 2665 984 2721 Agatho,
1034 2666 1235 2708 Socrates
1269 2669 1312 2706 et
1344 2663 1661 2719 Aristophanes
1701 2665 1786 2707 soli

99 2734 280 2790 longam
301 2739 475 2776 noctem
497 2749 636 2790 usque
653 2736 709 2779 ad
734 2736 839 2778 solis
864 2742 1009 2778 ortum
1029 2736 1223 2779 bibendo
1257 2734 1520 2790 transigunt.
1580 2734 1785 2778 Socrates

102 2804 296 2860 disputat
317 2806 370 2847 de
395 2805 589 2860 poetica,
620 2810 663 2851 et
682 2807 950 2850 demonstrat
975 2807 1170 2850 eiusdem
1203 2821 1299 2847 esse
1332 2808 1488 2861 poetae
1516 2806 1710 2847 osticium
1741 2810 1786 2849 ct

102 2875 377 2931 tragoediam
394 2881 437 2918 et
456 2878 727 2920 comoediam
758 2877 968 2920 scribere.
1027 2878 1105 2920 Illi
1125 2877 1380 2920 semisomni
1406 2891 1508 2918 eum
1529 2877 1712 2919 audiunt
1742 2881 1788 2920 ct

100 2946 280 2990 *tandem
305 2947 611 3000 obdormiunt,
640 2948 806 3004 primus
833 2949 1174 3007 Aristophanes,
1201 2949 1417 2994 secundus
1440 2948 1634 3004 Agatho.
1704 2947 1787 2991 So.-

104 3022 246 3060 crates
280 3018 430 3060 lautus.
462 3033 563 3060 cum
587 3020 862 3062 Aristodemo
895 3019 943 3062 in
969 3021 1165 3076 Lyceum
1202 3034 1249 3068 se
1281 3019 1473 3070 confert,
1518 3017 1671 3072 ibique
1693 3022 1785 3062 toto

104 3087 176 3135 dic
195 3093 370 3144 peracto
391 3103 488 3132 sero
510 3091 689 3132 domum
709 3090 802 3133 abit
823 3091 1073 3133 dormi-tum.

273 3160 398 3206 Haec
437 3159 577 3215 igitur.
604 3165 670 3210 est
697 3160 831 3202 huius
858 3161 966 3203 libri
994 3161 1209 3204 sententia
1237 3174 1522 3215 summaque,
1572 3161 1786 3213 quantum

103 3228 204 3271 fieri
225 3230 368 3284 potuit
388 3230 581 3277 breviter
605 3230 652 3272 in
674 3231 983 3287 compendium
1002 3233 1204 3284 redacta,
1233 3230 1504 3274 circumcisis
1530 3229 1682 3271 multis
1711 3244 1789 3272 ve-

104 3300 376 3357 nustatibus,
415 3301 574 3355 quibus
595 3301 803 3359 dialogus
831 3304 889 3352 ad
916 3302 1254 3362 similitudinem
1272 3302 1400 3355 »vitae
1431 3300 1709 3359 quotidIanae
1740 3303 1788 3345 et

101 3370 306 3427 *iteritatis
329 3373 625 3431 conformatus
645 3378 739 3433 est„
