2040 3646
213 152 252 212 4
853 150 1254 205 PRAEFATIO

220 285 342 332 'I’um
363 298 469 331 vero
493 284 661 342 Cebes,
703 287 966 341 opportune,
1010 286 1180 343 inquit,
1218 285 1334 329 mihi
1358 286 1405 331 in
1439 287 1699 332 memoriam
1725 302 1907 332 revocas

217 356 436 410 carmina,
482 369 595 412 quae
628 355 677 399 in
708 369 885 399 carcere
916 356 1138 414 pepigisti.
1195 357 1311 401 Nam
1338 371 1474 412 quum
1505 358 1612 412 alii,
1650 363 1747 402 tum
1768 375 1908 416 nuper

217 430 391 474 Evenus
415 431 568 486 poeta,
598 440 654 470 ex
675 439 748 469 me
772 427 1098 481 quaesiverunt,
1129 427 1236 484 quid
1254 429 1431 471 tandem
1452 443 1611 473 causae
1634 435 1762 483 esset,
1792 432 1911 486 quod

218 506 295 553 tu,
336 499 415 555 qui
445 511 672 554 nunquam
703 501 834 542 antea
868 498 1065 542 carmina
1092 499 1289 553 fecissen,
1342 505 1535 543 extremo
1566 501 1683 544 vitae
1710 509 1909 558 tempore

217 570 311 614 illis
331 568 644 626 componendis
666 582 847 626 operam
870 569 1078 614 dedisses.
1138 569 1259 627 Quid
1283 569 1423 627 igitur
1449 571 1538 624 vis,
1567 577 1616 615 ut
1637 571 1708 614 illi
1729 586 1909 627 respon-

219 640 381 684 deam?
438 641 537 698 Ego
556 654 689 693 vero,
727 639 871 696 inquit
902 640 1131 698 Socrates„
1167 641 1256 683 hoc
1291 656 1379 685 non
1406 657 1457 685 eo
1492 643 1677 686 consilio
1706 643 1817 696 feci,
1860 646 1909 686 ut

217 712 364 756 Eveni
387 711 589 755 aemulus
611 710 885 764 exsisterem,
914 711 990 753 sed
1012 716 1062 754 ιιι
1084 711 1283 755 animum
1310 727 1462 755 meum
1482 713 1700 771 religione
1719 714 1911 770 quadam

218 783 505 826 exsolverem.
534 784 537 786 ’
561 772 677 827 Nam
712 784 852 842 quum
879 782 1108 839 superiore
1134 783 1253 828 vitae
1283 788 1506 840 tempore,
1547 789 1644 827 tum
1670 800 1725 828 ex
1750 799 1836 840 quo
1863 784 1910 827 iu

151 888 156 890 -
220 868 396 898 carcere
413 853 491 896 hic
505 858 706 898 versatus
726 867 851 906 sum,
890 849 1019 909 saepe
1037 848 1152 897 mihi
1176 855 1380 911 apparuit
1404 855 1649 909 somnium,
1692 855 1809 911 quod
1838 869 1912 898 me

218 926 394 969 iuberet
422 926 614 969 facere
642 928 699 968 et
727 927 982 970 tractare
1010 925 1302 971 musicam.
1361 926 1459 969 Iam
1496 941 1635 982 quum
1665 941 1745 983 per
1771 930 1911 969 totam

219 996 357 1040 vitam
388 995 744 1052 philosophiam,
801 994 963 1052 quippe
998 1009 1112 1051 quae
1151 1002 1265 1040 esset
1300 997 1472 1041 musica
1519 996 1910 1054 praestantissima,

218 1071 502 1120 tractassem3
541 1080 659 1110 nunc
690 1065 826 1112 etiam
853 1066 1050 1110 carmina
1073 1068 1220 1110 facere
1249 1071 1431 1112 conatus
1457 1082 1582 1122 sum,
1635 1069 1673 1111 si
1698 1068 1813 1111 forte
1838 1081 1910 1111 so-

219 1138 393 1186 mnium
425 1137 540 1182 illud
569 1136 770 1181 divinum
794 1137 882 1180 hoc
909 1151 938 1181 a
967 1151 1040 1181 me
1073 1138 1175 1181 fieri
1209 1138 1436 1182 voluisset.
1493 1140 1648 1195 Itaque
1681 1138 1911 1196 composui

219 1211 439 1269 hymnum
469 1209 519 1253 in
550 1208 730 1253 laudem
756 1207 974 1265 Apollinis
989 1242 1001 1265 ,
1062 1209 1135 1251 cui
1165 1209 1217 1252 hi
1247 1209 1340 1254 dies
1374 1210 1477 1254 festi
1505 1211 1624 1254 sacri
1653 1215 1775 1254 sunt:
1835 1210 1911 1253 sed

218 1296 360 1339 quum
381 1295 455 1326 me
482 1280 700 1336 imparem
732 1293 828 1324 esse
852 1279 1061 1324 sentirem
1091 1279 1257 1324 fabulis
1287 1281 1560 1329 inveniendis
1587 1280 1911 1339 fingemfisque,

218 1353 268 1398 in
291 1368 379 1410 qua
398 1367 450 1396 re
472 1351 664 1396 maxime
689 1354 845 1408 poetae
865 1351 1003 1396 virtus
1025 1355 1157 1407 atque
1181 1352 1379 1396 officium
1402 1352 1623 1406 cernitur;
1661 1351 1823 1408 Aesopi
1845 1352 1912 1396 sa-

219 1425 350 1470 bulas
372 1423 420 1467 in
451 1437 602 1467 versus
631 1422 800 1480 redegi.
857 1423 958 1468 Hoc
981 1422 1138 1479 igitur,
1176 1422 1242 1468 mi
1274 1424 1442 1477 Cebes,
1481 1425 1632 1467 Eveno
1668 1422 1909 1475 mmtiabis,

220 1508 412 1550 eumque
430 1507 531 1537 meo
550 1494 731 1537 nomine
751 1493 1054 1538 cohortaberis
1066 1526 1080 1548 ‚
1123 1498 1173 1538 ut
1207 1509 1280 1538 me
1313 1510 1447 1552 quam
1470 1495 1667 1552 primum
1686 1499 1909 1549 sequatur.

219 1568 344 1614 Abeo
377 1569 528 1610 autem
559 1564 717 1608 hodie:
769 1565 834 1608 ita
863 1565 983 1608 enim
1017 1565 1361 1611 Atheniensibus
1392 1567 1538 1611 visum
1566 1571 1645 1610 est.
1703 1565 1773 1609 Ad
1798 1565 1911 1608 haec

220 1637 431 1684 Simmiae
448 1637 717 1689 Thebanus,
760 1636 891 1691 quale
914 1637 1092 1680 tandem
1118 1636 1236 1680 istud
1256 1643 1345 1691 est,
1371 1638 1540 1694 inquit,
1570 1637 1687 1693 quod
1708 1637 1911 1678 Evenum

218 1711 367 1756 facere
388 1708 541 1752 iubes!
600 1707 755 1762 Neque
793 1707 914 1750 enim
942 1707 1022 1750 ille
1050 1709 1090 1750 is
1120 1707 1236 1751 mihi
1255 1708 1456 1762 videtur,
1493 1708 1570 1764 qui
1603 1713 1648 1752 te
1669 1709 1828 1750 lubens
1853 1706 1910 1749 ad

219 1781 386 1826 inferos
408 1782 637 1825 secuturus
660 1777 733 1821 sit.
790 1777 875 1820 Cui
897 1778 1122 1832 Socrates,
1150 1793 1295 1822 nonne
1320 1780 1526 1833 Evenus,
1561 1778 1810 1836 respondit,
1843 1780 1910 1820 est

220 1847 553 1909 philosophus?
591 1848 678 1891 Illo
696 1850 846 1892 autem
871 1848 958 1892 hoc
977 1849 1224 1893 affirmante
1239 1881 1252 1903 ‚
1282 1849 1425 1906 igitur
1452 1863 1596 1905 neque
1610 1852 1811 1902 Evenus,
1838 1851 1909 1892 in-

217 1922 340 1978 quit,
364 1924 554 1964 mortem
574 1918 823 1973 recusabit,
862 1933 1005 1976 neque
1022 1920 1258 1977 quisquam
1281 1921 1420 1974 alius,
1463 1920 1543 1976 qui
1560 1922 1741 1978 quidem
1760 1919 1910 1976 philo-

214 1992 350 2050 sophi
369 1990 550 2036 nomine
573 1989 736 2047 dignus
754 1988 899 2034 videri
916 1991 1037 2035 velit.
1098 1993 1366 2048 Quanquam
1394 1993 1483 2035 hoc
1513 1993 1656 2036 nolim
1678 1995 1742 2036 ita
1771 2005 1799 2035 a
1823 2005 1908 2034 vo-

218 2064 289 2109 bis
321 2060 540 2118 intelligi,
584 2074 638 2105 ac
667 2059 707 2103 si
737 2059 868 2104 illum
902 2061 1107 2106 iuberem
1137 2063 1227 2107 sibi
1257 2077 1440 2107 manum
1469 2062 1652 2107 inferre:
1681 2064 1771 2106 hoo
1789 2061 1910 2106 enim

215 2135 341 2180 nefas
375 2131 537 2177 merito
573 2130 810 2175 iudicatur.
866 2132 925 2176 At
960 2133 1036 2189 qui
1051 2166 1064 2186 ‚
1103 2133 1168 2177 ait
1194 2133 1428 2187 Simmiae,
1474 2134 1688 2184 haeceine
1714 2134 1832 2178 inter
1859 2146 1909 2177 se

217 2204 493 2256 consentire,
536 2215 654 2258 quae
687 2207 736 2245 ιιι
771 2201 908 2256 dicis,
951 2203 1239 2260 appetendam
1254 2206 1434 2261 quidem
1453 2219 1551 2250 esse
1569 2209 1787 2258 mortem,
1825 2217 1910 2246 nec

217 2280 367 2321 tamen
409 2273 614 2329 cuiquam
645 2272 781 2316 licere
822 2287 870 2316 se
905 2269 1052 2330 ipsum
1080 2275 1371 2320 interimere?
1438 2277 1540 2332 Ego
1571 2282 1716 2330 certe,
1768 2288 1910 2337 quan-

215 2361 352 2404 quam
371 2345 482 2390 olim
504 2345 551 2387 in
571 2344 718 2400 patria
737 2357 839 2388 mea
859 2345 1011 2388 audivi
1029 2346 1304 2404 Philolaum‚
1333 2347 1533 2394 nobilem
1554 2348 1905 2404 Pythagoreum,

216 2418 402 2470 eadem,
430 2429 545 2472 quae
567 2420 617 2459 tu
642 2414 778 2468 dicis,
807 2415 1106 2468 dictitantem‚·
1151 2421 1300 2463 tamen
1319 2431 1543 2473 nunquam
1569 2417 1704 2467 huius
1731 2419 1909 2459 senten-

213 2489 304 2534 tiae
340 2486 536 2531 rationes
565 2485 695 2542 plane
724 2486 850 2542 potui
881 2501 1149 2543 cognoscere
1181 2493 1258 2532 aut
1286 2488 1548 2545 perspicere.
1606 2489 1756 2543 Quare
1788 2487 1826 2529 si
1855 2491 1906 2530 ιιι

211 2558 316 2603 illas
337 2557 553 2614 explicare
577 2555 761 2600 uberius
780 2561 825 2600 et
848 2558 1111 2602 confirmare
1125 2559 1286 2602 certius
1311 2573 1440 2615 posse
1462 2559 1546 2603 tibi
1567 2557 1781 2611 videaris,
1819 2571 1907 2614 age

211 2629 340 2673 nobis
360 2627 456 2671 noli
475 2625 672 2689 invidere
693 2640 767 2679 ea,
809 2641 922 2682 quae
960 2629 1144 2673 dicenda
1165 2630 1344 2674 habeas.
1403 2629 1490 2672 His
1511 2629 1675 2674 auditis
1699 2629 1905 2672 Socrates

212 2714 261 2744 se
280 2703 483 2756 paratum
503 2697 691 2742 ostendit
707 2697 763 2740 ad
786 2701 1061 2754 exponendas
1083 2700 1150 2742 rei
1173 2701 1366 2745 rationes
1380 2732 1394 2753 ‚
1423 2714 1532 2755 quas
1554 2700 1601 2744 in
1625 2704 1802 2757 promtu
1820 2700 1906 2744 ha·-

209 2772 362 2823 beret,
379 2783 500 2829 „quas
520 2773 670 2812 tamen
703 2783 750 2811 se
770 2782 858 2811 non
881 2768 1028 2825 ipsum
1055 2771 1272 2826 reperisse
1297 2771 1433 2824 dixit,
1464 2772 1543 2814 sed
1564 2772 1695 2815 fando
1719 2773 1776 2816 ab
1800 2770 1904 2822 aliis

211 2840 448 2897 accepisse.
505 2839 676 2882 Mirum
694 2852 825 2892 vero,
854 2839 1021 2895 inquit,
1063 2855 1149 2884 non
1172 2841 1336 2886 iniuria
1357 2841 1496 2885 alicui
1516 2842 1744 2896 videatur,
1783 2841 1903 2897 quod

208 2916 339 2956 antea
363 2910 531 2953 dictum
557 2913 649 2962 est,
699 2909 836 2952 etiam
854 2909 911 2953 iis
932 2910 1214 2971 homini-bus,
1260 2912 1338 2968 qui
1358 2917 1550 2956 mortem
1570 2918 1780 2969 tanquam
1813 2914 1898 2955 bo-

205 2995 314 3025 num
333 2980 514 3037 aliquod
548 2983 777 3036 expetant,
814 2982 936 3026 nefas
953 2997 1049 3026 esse
1073 2982 1252 3027 sibimet
1276 2983 1382 3040 ipsis
1413 2983 1501 3026 hoc
1526 2984 1792 3028 beneficium
1819 2983 1901 3027 tri-

207 3053 371 3105 buere,
398 3051 475 3095 sed
491 3056 741 3106 exspectare
760 3051 946 3106 debere,
985 3054 1123 3096 donec
1142 3055 1258 3098 alius
1284 3054 1440 3097 eodem
1473 3054 1576 3097 illos
1605 3053 1783 3098 afficiat.
1839 3052 1900 3096 At

205 3123 325 3168 enim
357 3135 461 3164 vero
497 3121 636 3164 habet
665 3121 746 3164 illa
790 3125 1007 3179 sententia
1036 3125 1214 3169 idoneas
1245 3130 1474 3180 certasque
1509 3124 1715 3171 rationes.
1783 3123 1900 3168 Nam

201 3192 403 3235 homines
424 3191 471 3234 in
494 3191 582 3235 hoo
605 3205 787 3247 corpore
816 3207 844 3236 a
875 3194 957 3236 deo
976 3195 1221 3240 immortali
1247 3201 1456 3251 tanquam
1494 3195 1540 3238 in
1574 3208 1752 3238 carcere
1787 3207 1905 3250 quos

202 3263 308 3306 dam
324 3261 488 3305 *inclusi
512 3266 636 3314 sunt,
680 3277 732 3305 ex
753 3277 840 3318 quo
869 3263 1041 3308 iniussu
1075 3267 1238 3311 summi
1268 3265 1548 3323 imperatoris
1571 3265 1739 3308 nemini
1767 3265 1898 3330 aufu-

200 3347 309 3392 gere
341 3331 469 3378 lieet=
520 3336 652 3390 atque
693 3347 953 3391 persuasum
983 3336 1117 3401 etiam
1148 3338 1296 3389 habeo
1344 3351 1440 3385 esse
1477 3350 1640 3382 numen
1678 3334 1893 3390 «livinum,
