2040 3646
57 2212 64 2217 ι
132 2162 336 2204 doc'eat
376 2162 649 2213 meliora,

834 156 1072 211 CRITO.

1707 160 1806 215 137
1871 218 1876 224 ,

121 303 301 360 ποιεῖν
328 295 364 357 ἃ
398 319 467 357 αν
503 292 824 372 κελεύωμεν,
863 290 1001 354 ἄλλα
1029 291 1288 371 ἐφιέντων
1309 294 1464 351 δυεῖν
1484 288 1724 372 θᾶτερα,
1765 288 1808 374 ἢ

124 386 338 445 πείθειν
363 380 508 463 ἡμᾶς
523 425 538 453 ,
580 377 619 460 ἢ
641 386 844 451 ποιεῖν,
887 380 1100 438 τούτων
1126 375 1392 454 οὐδέτερα
1415 384 1573 436 ποιεῖ.
1629 398 1633 407 “

296 469 457 549 Cap.
485 468 652 527 XIV.
746 462 991 535 Ταύταις
1025 461 1097 542 δή
1139 484 1321 540 φαμεν
1343 463 1436 520 καὶ
1460 461 1551 534 σε’,
1607 485 1652 520 ω
1677 459 1807 519 Σώ-

126 558 351 629 κραὺες,
416 558 536 623 ταῖς
569 549 763 621 αιτίαις
797 546 1102 619 ἐνέξεσθαι,
1156 548 1303 620 εἴπερ
1340 545 1588 625 ποιήσεις
1622 571 1658 605 α
1691 546 1809 605 ἐπι-ὲ

126 644 299 710 νοεῖς,
341 639 435 695 καὶ
464 658 571 719 ουχ
593 631 789 711 ἥκιστα
810 631 1113 712 Ἀθηναίων
1136 631 1225 702 σέ,
1270 628 1387 689 αλλ’
1412 631 1469 690 ἐν
1502 638 1617 703 τοῖς
1650 631 1811 707 μάλι-

129 736 248 780 στα.

334 722 412 780 Εἰ
439 720 546 778 οὐν
568 716 668 797 ἐγώ
699 721 928 793 εἰὲτοιιιι,
971 714 1063 775 δια
1087 716 1140 773 τί
1159 714 1265 794 δή,·
1315 716 1445 786 ἴσως
1473 738 1541 774 αν
1574 738 1687 791 μου
1722 719 1809 775 δι-

128 807 298 878 καίως
321 803 725 874 καθάπτοιντο,
767 803 1027 879 λέγοντες,
1067 797 1148 858 ότι
1176 800 1232 858 ἐν
1253 805 1368 870 τοῖς
1390 798 1621 875 μαλιστα
1643 798 1810 881 Ἀθη-

128 891 298 950 ναίων
319 886 419 967 ἐγώ
445 886 635 959 αὐτοῖς
657 882 1022 968 ὥμολογηκως
1042 885 1298 961 τυγχανω
1314 883 1530 963 ταύτην
1549 882 1650 963 τὴν
1674 884 1811 962 ὁμο-

128 975 337 1052 λογίαν.
393 979 556 1050 φαῖεν
580 994 682 1051 γαρ
712 967 809 1043 ἂν,
863 993 948 1028 οτι
980 970 1046 1027 Ὠ
1069 967 1386 1042 Σώκρατες,
1440 967 1647 1047 μεγαλα
1681 969 1813 1050 ἡμῖν

127 1057 338 1118 τούτων
358 1055 618 1136 τεκμήριά
642 1056 810 1127 ἐστιν,
854 1051 939 1113 ότι
967 1068 1097 1112 σοι
1082 1050 1231 1111 ncc‘l
1199 1059 1353 1131 ηιιεῖς
1378 1050 1681 1131 ήρέσκοιιεν
1718 1057 1812 1115 καὶ
1852 1068 1902 1120 Β

127 1141 166 1222 ἡ
202 1142 379 1214 πόλις·
434 1139 509 1200 023
548 1164 652 1219 γαρ
685 1163 753 1199 αν
791 1158 921 1198 ποτε
945 1161 1053 1196 των
1090 1135 1271 1197 α’λλων
1294 1134 1601 1217 Ἀθηναίων
1636 1136 1813 1199 απαν-

129 1250 238 1286 των
261 1224 632 1304 διαφερόντως
659 1225 716 1283 ἐν
754 1222 900 1300 cxij
937 1222 1244 1303 επεὸηιιεις,
1302 1223 1350 1281 εἰ
1382 1222 1458 1302 μή
1491 1237 1586 1281 σοι
1617 1226 1815 1303 διαφε-

130 1311 337 1389 ρόντως
359 1309 575 1390 ἤρεσκε,
617 1311 710 1368 καὶ
737 1306 855 1368 οὔτ’
881 1309 966 1367 ἐπὶ
990 1308 1232 1383 θεωοίαν
1255 1305 1471 1367 πωποτε
1499 1308 1558 1366 ἐκ
1583 1314 1682 1387 τῆς
1709 1308 1818 1369 πό-

128 1401 266 1469 λεως
305 1394 560 1476 ἐξῆλθες,
620 1391 706 1453 ὅτι
739 1390 816 1473 μὴ
856 1390 1003 1462 α’παξ
1035 1394 1111 1464 εἰς
1144 1390 1394 1468 Ἰσθιιόν,
1450 1390 1578 1451 οὔτε
1615 1392 1818 1455 α’λλοσε

132 1503 206 1540 ου
192 1479 442 1557 ’ὁαμόσε,
487 1481 536 1537 εἰ
561 1477 636 1558 μή
660 1497 759 1537 ποι
787 1476 1277 1556 στρατευσόμενος,
1320 1474 1448 1535 οὔτε
1472 1474 1646 1556 αλλην
1671 1477 1851 1539 ἄπο-

128 1568 331 1647 ὄημίαν
367 1562 608 1644 ἐποιήσω
652 1561 899 1636 πωποτε,
982 1558 1158 1640 ω’ςπερ
1210 1562 1266 1620 οἱ
1304 1558 1479 1620 ἄλλοι
1506 1559 1817 1642 ἅνθρωποι,

182 1794 293 1862 Cap.
324 1794 438 1837 xlv.
497 1786 572 1838 ὅτι
605 1788 668 1848 μὴ
703 1786 830 1845 ἇπαξ
860 1790 925 1842 εἰς
948 1785 1170 1845 Ἰσθμόν]
1214 1783 1424 1834 Verba‘'
1395 1806 1468 1834 οτι
1500 1787 1564 1847 μὴ
1597 1786 1724 1846 ἅπαξ
1756 1794 1822 1846 εἰς

127 1845 315 1906 Ἰσθμόν
334 1849 526 1894 desunt
512 1865 560 1892 ιιι
584 1850 708 1893 codd.
731 1850 902 1906 aliquot
925 1864 1013 1893 non
1031 1849 1178 1892 malae
1194 1849 1825 1896 notae.1ncod.130‹u‚mar-

129 1907 227 1978 gini
227 1867 468 1964 “adscripta
489 1908 716 1964 leguntur.

130 2061 273 2103 quae
312 2047 453 2090 fieri
499 2047 772 2099 velimus,
826 2046 938 2090 imo

129 2119 264 2159 vero
294 2105 704 2157 concedamus,
744 2108 805 2146 ut
840 2108 938 2147 aut

711 2166 834 2213 aut,
889 2160 942 2203 si

130 2219 235 2261 hoc
284 2233 389 2261 non
432 2218 715 2274 potuerit,
774 2218 940 2260 nobis

132 2281 360 2331 pareat,
417 2280 602 2318 tamen
642 2275 753 2317 iste
803 2289 942 2317 neu-

132 2337 284 2376 trum
311 2333 521 2375 horum
549 2331 701 2375 facit.

189 2445 296 2501 Cap.
319 2446 433 2488 XIV.
463 2446 514 2488 P.
539 2443 608 2488 52.
657 2443 860 2495 Ταύταις
881 2441 938 2501 δή

175 2535 185 2545 .
215 2526 239 2535 -
254 2461 544 2555 Ρένέξεσθαι]
594 2462 942 2559 Hesychius}

132 2517 385 2617 {splen-bac·
417 2557 735 2614 ἐγκαλεῖσθαι,
763 2562 942 2614 κρατεῖ-

133 2619 266 2672 σθαι,
296 2616 581 2672 συνέχεσθαι.
623 2616 837 2658 Videlicet
849 2614 940 2659 ἐνέ-

163 2689 229 2716 ειν
282 2673 506 2729 significat
556 2673 733 2729 proprie
801 2688 943 2715 con-

132 2690 431 2782 {trintum
474 2730 830 2785 implicitum
869 2735 944 2772 te-

134 2801 293 2830 nere:
323 2787 427 2828 hinc
449 2789 634 2828 verbum
658 2787 852 2828 medium
876 2790 943 2829 est

137 2843 647 2910 constringendum
685 2858 738 2885 se
775 2858 943 2910 prae-

134 2902 294 2952 bere,
325 2899 518 2941 sinere
553 2914 608 2941 se
648 2899 941 2966 implicari

135 2958 184 3000 11.
216 2971 254 2999 e.
303 2956 489 2998 teneri
530 2961 939 3008 constuctum,

136 3020 182 3057 et
200 3027 330 3056 sensu
355 3013 519 3055 sorensi
546 3027 726 3066 reum,
756 3015 940 3056 obno-

134 3071 292 3114 xium
347 3084 525 3112 esse:
583 3071 700 3111 unde
758 3068 940 3126 ε’νοχος,

135 3141 298 3179 reus,
355 3126 711 3170 obnoxius,
783 3128 942 3182 Itaque

137 3183 605 3236 sententiajverborum
619 3188 684 3225 est
703 3183 836 3229 haec:
870 3183 943 3225 di-

140 3240 321 3283 cimus
348 3240 519 3282 etiam
558 3245 612 3282 te
641 3240 945 3282 obnoxium

136 3297 267 3339 fore
294 3296 384 3339 his
423 3296 865 3339 criminibus
908 3311 943 3340 s.

137 3367 290 3395 reum
328 3353 454 3396 fore
495 3353 703 3402 horum
742 3352 947 3397 crimi-

138 3422 274 3452 num.

1062 2039 1156 2090 ἀλλ’
1177 2041 1227 2089 ἒν
1256 2046 1355 2095 τοῖς
1384 2042 1619 2104 μάλιστα]
1668 2049 1819 2095 Intell.

1007 2100 1304 2159 ἕνεχομὲνοις.
1331 2118 1373 2144 v.
1396 2105 1451 2146 ad
1475 2119 1566 2160 cap.
1596 2106 1631 2150 Ι.

1062 2161 1250 2209 δικαίως
1271 2158 1615 2214 καθάπτοιντο]
1647 2163 1824 2222 Hesy-'

1006 2217 1196 2260 chius:
1226 2215 1571 2260 καθάπτεσθαι·
1593 2222 1825 2287 λοιδορεῖ-’

1007 2276 1138 2328 σθαι,
1167 2271 1415 2326 ὀνειδιᾛζειν
1447 2291 1488 2317 v.
1514 2276 1662 2319 Hein
1677 2278 1818 2322 dorf.

1005 2332 1062 2374 ad
1091 2307 1316 2373 Phaedon.

1004 2388 1166 2431 Phileb
1206 2403 1234 2444 P
1268 2388 1323 2429 21
1353 2347 1396 2388 Ρ.
1422 2331 1519 2376 132.
1550 2338 1596 2377 et
1628 2348 1733 2378 mea
1760 2336 1825 2380 ad

1061 2502 1116 2546 B.
1164 2501 1257 2544 τῶν
1279 2495 1426 2545 αλλων
1439 2494 1696 2559 Ἀθηναίων
1716 2505 1818 2550 δια-

1008 2556 1274 2625 φερόντως]
1306 2560 1352 2602 h.
1376 2574 1414 2604 e.
1443 2575 1577 2616 prae
1605 2564 1819 2606 ceteris

1006 2612 1484 2659 Atheniensibus.
1536 2633 1577 2662 v.
1620 2621 1676 2662 ad
1706 2620 1818 2662 Phi-

1006 2674 1095 2716 leb.
1120 2688 1159 2727 p.
1184 2670 1280 2716 151.
1305 2678 1349 2715 et
1371 2674 1642 2731 Phaedon.p
1646 2676 1748 2719 ,64.
1762 2678 1813 2720 Ε.

1065 2727 1141 2773 ἐπὶ
1161 2730 1400 2787 θεωρίαν]
1450 2731 1497 2773 h.
1528 2746 1565 2774 e.
1596 2692 1661 2775 apd
1691 2749 1820 2789 spe-

1008 2745 1286 2829 ctandose
1290 2787 1454 2829 ludos
1485 2790 1817 2843 sollemnes,

1005 2843 1211 2885 videlicet
1243 2842 1529 2901 Olympicos,
1556 2846 1818 2901 Nemeaeus,

1005 2899 1276 2952 Isthmicos,
1328 2901 1539 2957 Pythfoa‚
1597 2905 1653 2945 ad
1707 2919 1818 2959 quos

1004 2957 1261 3024 spectandos
1303 2971 1356 2998 ex
1393 2958 1600 3003 universa
1629 2961 1820 3006 Graecia

1003 3013 1206 3056 homines
1233 3014 1529 3059 confluebant.

1064 3071 1107 3114 εἰ
1122 3067 1183 3126 μή
1207 3084 1289 3113 ποι
1313 3082 1408 3129 στρ.
1420 3075 1440 3124 ]
1474 3073 1624 3127 Quum
1647 3086 1827 3130 pugna--

1004 3131 1075 3169 ret
1106 3127 1160 3169 ad
1203 3126 1463 3170 Potidaeam
1500 3134 1544 3172 et
1574 3130 1656 3171 Am
1662 3131 1818 3186 phipo-

1007 3183 1094 3236 lin,
1120 3182 1343 3226 Thraciae
1366 3185 1549 3240 oppida,
1589 3192 1632 3228 et
1653 3187 1708 3229 ad
1730 3188 1822 3229 De-

1007 3239 1146 3292 lium,
1198 3240 1408 3296 oppidum
1435 3243 1734 3286 Macedoniae.
1775 3258 1818 3288 v.

1007 3297 1199 3402 {ilfi-»0333
1241 3310 1338 3354 cap.
1370 3298 1508 3341 XVII.
1549 3305 1594 3343 et
1626 3301 1662 3344 L
1678 3305 1819 3345 aex-t.
