2040 3646
239 165 311 223 76
907 158 1271 218 PLATONIS

94 316 218 374 191
239 295 340 361 τὸν
364 292 624 374 ὀμφαλὸν
642 299 895 357 καλοῦσι.
959 300 1055 360 καὶ
1094 298 1193 373 τὰς
1225 302 1323 378 μὲν
1359 298 1530 378 ἄλλοις
1572 301 1800 380 ῥυτίδας
1833 306 1931 381 τὰς

173 487 182 516 5

240 378 459 453 πολλας
481 379 736 451 ἐξελέαινε
763 384 866 474 2wcl
899 380 967 442 τα
992 383 1177 466 στηθη
1203 386 1514 467 διήρθρου,
1562 390 1697 466 ἔχων
1727 414 1780 449 τι
1813 413 1929 451 τοι-

240 471 412 526 οῦτον
436 462 687 544 ὄργανον,
728 463 849 527 οἷον
875 468 928 526 οἱ,
965 469 1325 546 σκυτοτόμοι,
1367 475 1492 549 περὶ
1519 471 1618 533 τὸν
1641 474 1930 535 καλάποδα

239 551 541 624 λεαίνοντες
562 573 660 623 τας
683 557 793 611 τῶν
822 558 1040 613 σκυτῶν
1068 553 1311 631 ῥυτίδας·
1358 554 1549 636 ὀλίγας
1575 559 1634 618 δὲ
1659 560 1927 633 κατέλιπε,

241 632 339 708 τὰς
365 636 500 713 περὶ
519 633 695 716 αυτὴν
715 633 816 715 τὴν
838 638 1074 717 γαστέρα
1094 640 1188 698 καὶ
1211 638 1308 700 τὸν
1341 639 1627 717 ὀμφαλόν,
1669 651 1930 724 μνημεῖον

239 716 380 780 εἶναι
412 725 520 780 τοῦ
552 726 798 786 παλαιοῦ
828 721 1070 796 πάθους.
1143 723 1328 805 ἐπειδὴ
1365 718 1472 786 οὖν
1517 725 1556 807 ἡ
1593 727 1768 805 φύσις
1803 731 1928 805 δίχα

238 805 480 886 ἐτμηθη,
546 810 772 865 ποθοῦν
813 807 1042 868 ἕκαστον
1078 806 1143 868 τὸ
1183 807 1361 889 ἤιιισυ
1394 808 1458 871 τὸ
1497 809 1679 871 αὑτοῦ
1722 812 1926 918 ξυνηει,

239 892 334 949 καὶ
361 886 774 967 περιβάλλοντες
799 888 898 964 τὰς
931 899 1114 971 χεῖρας
1151 897 1246 954 καὶ
1282 895 1721 973 συμπλεκόμενοι
1754 895 1925 978 αλλή-

238 979 390 1049 λοις,
433 975 836 1053 ἐπιθυμοῦντες
856 983 1176 1055 συμφῦναι,
1218 977 1574 1060 ἀπέθνησκον
1605 979 1720 1041 ὑπὸ
1754 987 1927 1059 λιμοῦ

165 1079 216 1131 Β
238 1062 335 1120 καὶ
357 1065 457 1140 τῆς
481 1057 652 1141 ἄλλης
675 1058 868 1138 αργίας
896 1059 988 1121 δια
1020 1060 1084 1122 τὸ
1109 1065 1279 1142 μηδὲν
1317 1065 1526 1125 ἐθέλειν
1557 1068 1721 1144 χωρὶς
1754 1065 1926 1147 ἀλλή-

237 1149 351 1204 λων
375 1152 567 1204 ποιεῖν.
609 1147 703 1204 καὶ
723 1143 886 1205 ὁπότε
907 1167 959 1204 τι
987 1145 1267 1208 ἄποθανοι
1299 1155 1409 1210 τῶν
1438 1148 1702 1230 ἡιιίσεων,
1757 1150 1824 1211 τὸ
1862 1153 1925 1211 δὲ

173 1275 178 1285 -.
236 1231 522 1309 λειφθείη,
563 1227 627 1288 τό
649 1235 706 1288 λε
687 1231 879 1307 ειφθεν
903 1228 1039 1290 ἄλλο
1065 1232 1234 1312 ἐζήτει
1257 1236 1352 1293 καὶ
1376 1235 1766 1310 συνεπλέκετο,
1822 1238 1924 1295 ει’τε

237 1312 499 1395 γυναικὸς
529 1319 630 1395 τῆς
669 1311 806 1394 ὅλης
845 1315 1059 1393 ἐντύχοι
1091 1315 1300 1396 ἡμίσει,
1367 1316 1400 1378 ὃ
1434 1317 1505 1398 δὴ
1548 1325 1655 1380 νῦν
1689 1327 1924 1398 γυναῖκα

236 1404 541 1476 καλοῦμεν,
586 1396 676 1458 εἴτ’
699 1397 915 1477 ανδρός·
968 1402 1062 1460 καὶ
1084 1424 1262 1475 ουτως
1299 1401 1642 1463 απιόλλυντο.
1697 1405 1925 1485 ἐλεησας

156 1528 162 1532 ·
237 1486 298 1543 δε
335 1482 368 1543 6
400 1482 556 1557 Ζεὺς
593 1481 765 1564 ἄλλην
801 1483 1049 1566 μηχανὴν
1085 1489 1390 1564 πορίζεται,
1442 1490 1536 1547 καὶ
1572 1491 1924 1569 μετατίθησιν

237 1567 424 1630 αυτῶν
459 1591 528 1629 τα
563 1570 746 1629 αἰδοῖα
783 1571 859 1643 εις
889 1568 954 1631 τὸ
987 1570 1252 1651 πρόσθεν·
1319 1573 1452 1647 τέως
1483 1571 1588 1654 γὰρ
1621 1576 1716 1635 καὶ
1748 1581 1923 1635 ταῦτα

290 1821 507 1866 τοιοῦτον
525 1816 751 1880 ὄργανον]
782 1822 1025 1866 Greuzerus
1045 1822 1184 1867 Lectt.
1205 1824 1459 1881 Platonn.p
1464 1822 1592 1867 .525.
1624 1821 1825 1883 ὄογανον
1846 1825 1923 1868 de-

233 1879 320 1922 leri
353 1879 478 1922 iubet
512 1881 673 1922 collato
704 1880 869 1936 locop
874 1878 998 1923 ..185
1032 1881 1085 1926 Ε.
1133 1882 1232 1924 Non
1261 1897 1381 1939 opus.
1440 1882 1610 1924 Deinde
1634 1866 1764 1924 multi
1795 1883 1919 1926 codd.

232 1936 518 2038 gingioffgssl.
530 1934 800 2037 νκαέῐρῐιιτὲιῑδα,
840 1896 949 1982 PSed
981 1939 1171 1982 alteram
1192 1940 1380 1985 formam
1415 1953 1518 1983 cum
1541 1939 1642 1982 aliis
1671 1939 1800 1983 libris
1825 1945 1921 1983 tue-

290 2047 382 2094 ῦπό
408 2051 570 2107 λιμοῦ]
601 2052 752 2107 Inepte
774 2047 956 2109 vulgo‘
928 2047 1020 2097 υπὸ
1041 2052 1129 2098 τοῦ
1150 2052 1300 2109 λιμοῦ.
1340 2052 1590 2097 Articulum
1611 2051 1820 2098 omittunt
1836 2053 1920 2099 ali-

143 2103 145 2110 ’
230 2112 339 2164 quot
360 2108 468 2152 libri
491 2109 681 2165 opthnue
699 2113 844 2153 notae.

286 2276 337 2319 P.
354 2276 452 2320 191.
482 2276 590 2345 περὶ
607 2274 691 2322 τὸν
709 2275 954 2323 καλάποδα
975 2281 1012 2323 λ.
1022 2280 1039 2335 ]

230 2333 521 2377 »suidas
508 2350 556 2378 ιιι
597 2349 636 2378 v.
679 2337 812 2380 κᾶλα·
841 2360 872 2369 -
900 2337 1042 2381 κᾶλον

1108 2279 1258 2335 paullo
1279 2284 1379 2335 post
1405 2277 1453 2323 ἐν
1472 2280 1571 2328 τοῖς
1576 2277 1798 2350 σώμασι
1807 2278 1918 2322 dici-

1107 2342 1194 2379 tur.
1247 2337 1436 2381 Phaedr.
1471 2352 1513 2392 p.
1543 2334 1642 2380 251.
1674 2337 1727 2381 Β.
1770 2333 1800 2391 ἢ
1829 2338 1916 2382 τοῦ

230 2387 318 2448 γὰρ
349 2387 401 2434 τὸ
437 2388 590 2444 ξύλον·
635 2389 682 2445 ἐξ
715 2387 770 2437 οὗ
801 2392 880 2437 καὶ
907 2391 1042 2438 κοιλό-

229 2463 363 2500 πους,
394 2445 418 2491 6
440 2447 620 2501 ξύλινος
638 2451 770 2501 ποῦς.
800 2452 1040 2520 Etymol.

229 2505 295 2548 M.
328 2503 574 2557 καλὸπους·
601 2509 797 2577 κυρίως
807 2503 831 2552 ὁ
861 2506 1041 2561 ξύλινος

228 2564 364 2612 ποῦς·
394 2565 535 2608 κοῖλον
559 2561 646 2620 γὰρ
669 2563 721 2609 τὸ
745 2563 896 2617 ξύλον,
953 2566 1041 2608 Sed

229 2618 475 2664 καλάποδα
524 2637 577 2664 ex
613 2624 700 2664 hoc
747 2624 847 2665 1000
890 2623 1041 2666 laudat

230 2677 443 2720 Pollux
473 2680 528 2722 X,
563 2679 661 2722 141.
704 2676 762 2723 τὰ
796 2677 846 2723 δὲ
879 2693 1041 2724 σκυτο-

229 2731 378 2789 τόμου
399 2732 585 2791 σκεύη-
607 2734 875 2791 καλάπους,
904 2735 953 2781 ἐν
974 2738 1039 2797 τῷ

229 2793 498 2864 Συμποσίῳ.
506 2810 529 2832 «
556 2793 896 2837 Fischerus.

287 2850 366 2892 καὶ
393 2838 769 2918 περιβάλλοντες]
812 2852 1040 2896 Pluralem

229 2907 375 2962 posuit
400 2921 451 2949 asc
477 2908 514 2949 si
543 2909 822 2963 praecederet
842 2907 1039 2976 τμηθέν-

228 2970 304 3012 τες
324 2963 370 3006 οὶ
408 2959 655 3022 ἅνθρωποι
676 2966 938 3015 ποθοῦντες
961 2960 1039 3009 αλ-

227 3018 408 3075 λήλους.
437 3022 614 3064 Notavit
637 3023 753 3066 hanc
773 3026 1040 3067 structuram

228 3078 496 3121 Priscian
538 3081 612 3121 XV
615 3080 672 3122 ΙΙ.
757 3079 925 3123 .1100,
965 3082 1033 3123 ed.

226 3134 408 3178 Putsch.
442 3136 523 3179 ubi
546 3137 666 3178 hunc
688 3138 838 3178 locum
859 3151 1036 3192 compa-

225 3198 310 3234 rat.
367 3193 433 3235 Ad
456 3207 599 3251 praec.
623 3189 652 3248 ἡ
673 3191 810 3248 φύσις
833 3193 1036 3251 intellige

220 3245 410 3301 αὐτῶν,
468 3251 585 3305 quod
625 3265 710 3293 non
748 3255 953 3305 putamus
986 3252 1035 3294 in

225 3309 392 3347 textum
419 3321 512 3349 esse
526 3308 836 3349 invehendum.
866 3308 934 3349 De
947 3309 1035 3350 hoc

222 3375 311 3404 usu
323 3362 532 3430 loquendi
547 3365 710 3431 cupiet.
730 3378 861 3431 supra
880 3380 922 3420 p.
911 3365 1032 3407 ..186

224 3419 276 3463 B.
324 3414 352 3475 ἡ
380 3419 520 3474 φύσις
546 3437 639 3465 των
673 3434 917 3478 σωματων,
954 3421 1034 3465 ubi

1107 2395 1293 2464 πτεροῦ
1305 2393 1456 2449 φύσις.
1489 2395 1653 2462 Cratyl.
1679 2408 1722 2449 p.
1731 2393 1843 2436 400.
1859 2395 1913 2437 A.

1107 2467 1192 2552 {23²
1203 2465 1381 2582 ςῖῗῖἰίἔ,
1399 2447 1914 2564 ,ἶὲἔι-,Ξῗίῖῗτῖῗσοῗέἔῗ

1105 2569 1177 2609 κεῖ
1202 2566 1342 2622 ἔχεινς
1371 2567 1438 2608 De
1455 2565 1645 2619 Repuhl.
1662 2564 1734 2607 IV.
1757 2579 1798 2619 p.
1811 2564 1911 2608 429.

1105 2624 1160 2666 D.
1195 2625 1240 2667 οἱ
1256 2624 1468 2681 βαφεῖς-
1470 2619 1747 2689 ἐκλέγονται
1767 2619 1816 2666 ἐκ
1834 2637 1912 2666 το-

1106 2676 1286 2724 σούτων
1324 2675 1575 2745 χρωμάτων
1612 2678 1724 2734 μίαν
1770 2676 1913 2734 φύσιν

1105 2733 1192 2792 τὴν
1228 2738 1320 2781 τῶν
1367 2736 1552 2781 λευκῶν.
1608 2736 1909 2780 Aristotel.

1104 2794 1417 2838 Politic.1.3.
1460 2790 1546 2848 τὴν
1579 2794 1664 2837 τοῦ
1683 2790 1911 2848 γάλακτος

1106 2848 1261 2902 φύσιν.
1314 2851 1512 2893 Cicero
1548 2851 1602 2892 de
1629 2850 1726 2894 Fin.
1751 2853 1800 2896 V.
1838 2851 1909 2895 11.
1963 2881 1968 2885 ·

1105 2909 1213 2951 hoc
1242 2908 1605 2963 intelligant,
1658 2908 1706 2949 si
1733 2922 1911 2963 quan-

1105 2966 1169 3008 do
1217 2970 1475 3009 naturam
1516 2964 1772 3007 hominis
1822 2965 1913 3007 di-

1105 3037 1241 3075 cam,
1271 3022 1554 3064 hominem
1582 3021 1777 3064 dicere
1804 3035 1922 3075 me3.

1103 3080 1256 3122 nihil
1303 3079 1446 3121 enim
1475 3079 1578 3120 hoc
1607 3078 1823 3123 differt.
1863 3095 1905 3122 v.

1100 3138 1158 3179 ad
1209 3137 1435 3179 Phaedon.
1488 3151 1531 3190 p.
1579 3135 1648 3180 87.
1696 3137 1748 3179 E.
1805 3137 1907 3181 coll.

1101 3195 1393 3236 Creuzero
1434 3192 1490 3235 ad
1515 3192 1680 3236 Plotia.
1712 3193 1775 3235 de
1797 3194 1908 3236 Pul-

1101 3250 1258 3294 critud.
1279 3266 1320 3306 p.
1338 3248 1423 3292 139
1446 3263 1510 3305 sq.

1156 3362 1235 3408 καὶ
1265 3364 1347 3417 τῆς
1377 3359 1512 3419 ἄλλης
1541 3349 1734 3415 ἀργίας]
1775 3377 1818 3405 v.
1848 3363 1905 3404 ad

1099 3422 1287 3478 Apolog.
1307 3421 1474 3466 Socrat.
1491 3435 1541 3478 zp.
1553 3419 1624 3464 78.
1651 3421 1784 3466 huius
1799 3419 1902 3464 edit.
