2040 3646
241 152 348 214 146
870 144 1230 211 ι>ιΑτοιιι3

240 307 345 365 περ
390 284 573 346 εἰώθει
611 283 916 362 διαλεχθεις
953 307 1022 346 αν
1057 307 1152 363 μοι
1185 283 1280 344 καὶ
1314 281 1731 364 συνηιιερεύσας
1755 280 1920 389 ᾤχετο

243 369 433 431 ἀπιών.
476 365 607 446 μετὰ
633 374 803 428 ταῦτα
830 368 1329 447 συγγυμνάζεσθαι
1348 344 1784 448 προύκαλούμην
1816 367 1922 427 αὖ-

177 456 224 516 C
242 453 339 516 τὸν
363 455 456 513 καὶ
479 453 981 539 συνεγυιιναζόμην,
1016 450 1090 526 ὡς
1113 476 1164 511 τι
1187 454 1429 512 ἐνταῦθα
1451 458 1714 528 περανῶν.
1758 466 1923 512 συνε-

243 537 546 621 γυμνάζετο
581 540 686 597 οὐν
731 560 825 614 μοι
856 540 950 596 καὶ
986 537 1345 616 προςεπάλαιε
1383 536 1648 610 πολλάκις
1693 534 1924 610 ουδενος

238 622 532 703 παρόντος.
586 623 681 681 καὶ
715 623 769 680 τί
805 624 890 681 δεῖ
933 622 1135 699 λέγεινς
1189 620 1355 682 οὐδὲν
1387 621 1490 701 γάρ
1525 645 1619 698 μοι
1642 621 1810 681 πλέον
1835 622 1920 701 ἠν.

238 705 427 788 ἐπειδὴ
463 709 523 767 δε
558 704 780 783 οὐδαμῇ
813 703 986 784 ταύτῃ
1031 705 1269 787 ἤνυτον,
1324 705 1474 777 ἔδοξέ
1513 729 1607 783 μοι
1647 706 1924 766 ἐπιθετέον

238 789 376 854 εἶναι
397 789 587 870 τάνδρὶ
609 788 747 850 κατὰ
780 787 844 850 τὸ
880 789 1145 870 καρτερὸν
1167 793 1261 852 καὶ
1292 789 1400 851 οὐκ
1423 790 1667 863 ἀνετέον,
1710 789 1925 870 ἐπειδη-

236 896 342 960 neo
379 874 758 959 ἐγκεχειρήκη,
814 872 953 938 ἀλλὰ
987 877 1169 937 ἰστέον
1205 874 1320 957 ἤδη
1351 876 1406 936 τί
1446 877 1559 937 ἐστι
1593 873 1656 934 τὸ
1687 880 1924 955 πρᾶγμα.

297 1093 609 1171 &auxent-⁹
579 1116 639 1146 αν
663 1114 746 1156 μοι
764 1113 806 1144 κ.
830 1108 869 1144 σ.
881 1096 902 1157 ]
932 1090 1115 1144 Deest’‘
1085 1116 1144 1143 ow
1171 1097 1217 1142 in
1242 1110 1329 1141 nno
1348 1096 1536 1141 Vindob
1557 1110 1599 1140 v.
1625 1101 1773 1140 annot.

299 1157 546 1217 ἐπειδήπερ
574 1154 893 1224 ἐγκεχειρήκη]
941 1158 1152 1199 Formam
1182 1157 1375 1199 Atticam
1403 1155 1593 1198 servavit
1626 1156 1754 1197 Bodl.
1811 1155 1929 1197 Ean—

240 1214 343 1260 dem
369 1221 547 1260 tuentur
575 1220 662 1257 tres
682 1213 951 1266 Florenfini,
979 1214 1027 1258 iu
1052 1214 1212 1270 quibus
1231 1214 1388 1259 vitiose
1410 1213 1624 1270 scriptum
1653 1216 1792 1255 exstat
1809 1209 1929 1269 ἐγκε-

237 1271 443 1334 χειρήκει
456 1305 470 1330 ,
492 1272 713 1330 frequenti
731 1272 994 1330 corruptela.

293 1414 349 1458 Β.
402 1406 493 1485 ᾇλλ’
530 1409 679 1473 ωςπερ
719 1412 878 1458 εἰώθει
905 1413 1060 1457 &ocis—

237 1473 371 1541 χθεὶς
403 1466 461 1515 ἄν
498 1472 609 1528 μοι]
675 1471 874 1515 Pertinet
906 1466 963 1514 ἄν
998 1471 1054 1514 ad

236 1530 490 1572 universam
549 1529 814 1573 sententiam
867 1527 1055 1582 ideoque

239 1587 590 1630 connectendum
652 1591 717 1628 est
770 1599 872 1627 cum
918 1587 1054 1627 verbo

232 1643 438 1712 ¹principe
465 1642 681 1685 enuntiati
710 1637 879 1702 ᾤχετο,
918 1640 980 1683 ita
1004 1646 1055 1684 ut

237 1701 405 1744 mdicet
437 1701 657 1742 actionem
687 1674 879 1755 saepius
893 1695 1056 1753 repeti-

239 1762 361 1802 tam:
403 1771 423 1799 s
447 1772 474 1799 ο
498 1758 515 1798 l
538 1759 611 1799 eb
638 1762 705 1799 at
734 1755 1055 1798 identidem

240 1814 580 1866 discedere,
639 1814 694 1854 de
732 1828 818 1868 quo
848 1811 1058 1867 loquendi

241 1885 406 1929 genere
449 1870 612 1927 optime
652 1869 861 1912 dis-eruit
901 1870 1055 1911 Rost.

240 1933 282 1984 §.
304 1928 401 1971 120.
427 1926 469 1970 5.
497 1941 534 1970 c.
565 1943 607 1983 p.
625 1926 723 1969 460.
783 1928 938 1992 Itaque
962 1940 1050 1967 non

239 1991 308 2028 est
324 1986 440 2040 quod
458 1999 560 2027 cum
585 1984 745 2026 Astio
774 1982 1051 2039 corrigamus

241 2041 501 2098 διαλεχθεὶς
532 2037 648 2083 ἅττα
677 2056 785 2112 μοι,
841 2047 916 2082 aut
948 2054 1051 2082 cum

239 2113 329 2143 uno
349 2099 444 2142 cod.
466 2098 652 2140 Vindob.
677 2095 735 2142 ἄν
755 2098 993 2140 deleamus.

296 2156 347 2198 C.
408 2150 544 2200 οὐδὲν
573 2154 660 2213 γάρ
686 2171 767 2211 μοι
796 2153 934 2197 πλέον
957 2147 1048 2209 ην]

241 2212 397 2257 nihil
453 2212 595 2255 enim
651 2211 1050 2282 proficiebam.

241 2271 366 2313 Infra
413 2269 576 2325 p.222
614 2270 670 2314 D.
743 2285 804 2325 μη
810 2267 887 2312 δὶν
915 2267 1054 2311 πλέον

241 2322 370 2397 αὐτῷ
403 2286 1054 2398 γιένηται.11ιίᾱ.Ε.οὗδὲν

241 2377 328 2429 οὖν
341 2371 485 2428 πλέον
514 2378 641 2442 αὐτῷ
668 2381 805 2427 ἔσται.

300 2434 414 2484 ἀλλὰ
455 2426 620 2484 ἰστέον
647 2436 738 2496 ἤδη
782 2438 829 2482 τί
867 2436 958 2483 ἐστι
999 2433 1051 2483 τὸ

239 2499 353 2601 οὲῗὲ
344 2499 498 2596 “2⁶31
504 2498 558 2597 *ἕ
568 2496 882 2608 ''sssssstfflfassff'
886 2495 1055 2596 51¹3*ss

240 2612 446 2655 vol.111
496 2610 1053 2666 P.XI1.12.legen-

242 2667 351 2711 dum
371 2668 561 2711 censuit.
605 2663 696 2711 ἀλλ’
717 2627 840 2712 ἰτέον
862 2643 972 2722 ἤδηβ
977 2665 1058 2710 ἐπὶ·

240 2722 295 2770 τὸ
310 2726 513 2783 πρᾶγμα,
545 2726 634 2767 sed
662 2725 766 2768 iam
789 2724 889 2768 ad
876 2738 1052 2780 lpsam

241 2795 363 2825 rem
418 2781 873 2848 aggrediendum
930 2787 1050 2824 est.

239 2854 355 2894 quae
410 2839 578 2881 locutio
625 2838 802 2882 Platoni
860 2837 1051 2880 maxime

237 2897 514 2951 frequentata
535 2899 614 2938 est.
643 2896 777 2951 Atqui
793 2908 889 2937 rem
909 2894 1051 2949 ipsam

241 2911 495 3003 Alcqibiadcs
529 2951 620 2995 iam
649 2959 779 2995 antea
813 2965 1050 3008 aggressus

241 3015 310 3053 est
333 3009 579 3064 explicare,
614 3024 695 3051 nec
726 3023 842 3052 nunc
873 3009 1050 3050 demum

240 3067 298 3109 ad
345 3079 442 3109 eam
498 3065 811 3109 illustrandam
866 3065 1048 3110 accedit.

240 3123 406 3166 Docuit
430 3122 548 3164 enim
577 3123 723 3165 adhuc
745 3135 894 3165 omnes
917 3127 1048 3175 artes,

239 3179 401 3247 quibus
425 3180 509 3222 So(
512 3185 651 3222 ratem
679 3180 735 3222 ad
754 3179 822 3222 sui
850 3193 1049 3221 amorem

237 3236 449 3292 pellicere
477 3236 763 3292 speravisset,
804 3236 850 3278 in
869 3235 1046 3278 irritum

239 3293 464 3335 cecidisse.
522 3293 690 3348 Quodsi
733 3298 881 3336 autem
931 3291 1045 3334 haec

237 3351 375 3393 verba
399 3351 562 3392 reseras
597 3350 651 3392 ad
682 3349 881 3406 proxime
914 3362 1042 3404 prae-

236 3405 437 3450 cedentia·
451 3437 465 3460 ‚
493 3419 704 3463 quorsum
721 3420 827 3451 sane
847 3406 1043 3451 referen-

1119 1410 1176 1456 da
1195 1414 1324 1463 sunt,
1362 1424 1518 1454 vereor
1555 1424 1611 1453 ne
1632 1408 1745 1454 haec
1769 1410 1930 1455 transi-

1119 1469 1251 1515 tionis
1281 1470 1471 1511 formula
1494 1468 1676 1525 gravior
1708 1466 1764 1510 sit
1794 1482 1927 1522 quam

1119 1540 1199 1583 pro
1232 1526 1471 1568 sententiae
1509 1526 1690 1568 ratione.
1748 1525 1928 1567 Accedit

1121 1583 1237 1639 quod
1289 1584 1461 1624 codices
1512 1598 1616 1627 mse.
1677 1588 1928 1625 constanter

1121 1646 1300 1683 tuentur
1335 1647 1527 1682 veterem
1562 1639 1824 1691 lectionem,
1883 1644 1928 1681 et

1118 1694 1235 1753 quod
1279 1697 1391 1739 haec
1436 1697 1532 1752 ipsa
1579 1695 1738 1748 lectio,
1793 1696 1925 1737 modo

1118 1713 1342 1797 subtiliter
1397 1755 1638 1809 explicetur
1659 1784 1673 1806 ‚
1745 1754 1927 1809 egregie

1120 1811 1322 1853 convenit
1352 1811 1438 1866 ipsi
1462 1810 1672 1853 orationis
1688 1824 1928 1865 argumen-

1120 1874 1179 1911 to.
1218 1868 1395 1910 Etenim
1411 1869 1713 1910 declaraturus
1731 1867 1928 1909 Alcibia-

1117 1926 1217 1978 des,
1260 1925 1365 1978 quid
1410 1925 1466 1967 sit
1499 1925 1613 1980 quod
1643 1930 1771 1967 antea
1805 1924 1928 1965 dixe-

1115 1987 1214 2024 ιιιιῐ
1257 1979 1383 2034 ἔδοξέ
1415 1998 1497 2051 μοι
1532 1979 1773 2025 ἐπιθετέον
1808 1977 1928 2025 εἶναι

1115 2035 1280 2107 τάνδρὶ
1321 2035 1440 2082 κατὰ
1491 2034 1545 2082 τὸ
1587 2038 1808 2096 καρτερὸν
1849 2037 1929 2081 καὶ

1116 2112 1204 2140 ουκ
1238 2092 1448 2166 ἀνετέον,
1488 2096 1608 2139 addit
1640 2097 1770 2138 haec·
1813 2088 1927 2138 ἀλλὰ

1119 2153 1270 2197 ἰστέον
1305 2177 1333 2186 -
1361 2152 1414 2197 τὸ
1449 2155 1663 2212 πρᾶγμα,
1711 2151 1805 2194 sed
1833 2166 1928 2194 ex·—

1119 2210 1454 2277 plorandum
1511 2215 1565 2252 et
1620 2208 1927 2276 vid-endum

1120 2282 1271 2323 esse,
1321 2267 1458 2322 quid
1494 2267 1604 2310 hoc
1637 2266 1723 2309 rei
1752 2271 1926 2317 esset,

1120 2330 1253 2380 atque
1320 2324 1523 2379 deinceps
1583 2327 1761 2375 narrat,
1820 2297 1927 2378 quid

1118 2387 1349 2438 praeterea
1386 2382 1537 2423 fecerit
1568 2382 1623 2423 ad
1651 2380 1845 2424 Socratis
1878 2379 1926 2422 iu

1119 2453 1167 2481 se
1207 2452 1404 2481 amorem
1435 2438 1713 2480 excitandum
1747 2436 1928 2491 eiusque

1118 2501 1312 2538 mentem
1346 2501 1389 2538 et
1427 2495 1622 2542 animum
1657 2494 1924 2537 tentandum.

1118 2554 1299 2599 Videtur
1334 2556 1482 2596 autem
1521 2551 1623 2607 wy
1646 2555 1664 2593 t
1687 2555 1705 2592 t
1725 2565 1749 2592 e
1767 2565 1795 2591 n
1814 2552 1844 2592 b
1862 2564 1926 2592 a-

1119 2610 1317 2651 chium
1370 2609 1416 2653 in
1450 2608 1650 2651 fraudem
1687 2606 1924 2660 induxisse,

1118 2664 1258 2721 quod
1254 2664 1420 2709 ἰστέον
1456 2665 1609 2708 retulit
1642 2664 1698 2707 ad
1736 2661 1922 2719 εἰδέναι,

1116 2723 1180 2766 ita
1192 2721 1357 2765 utillud
1367 2723 1738 2789 interpretaretur
1747 2737 1767 2764 s
1778 2736 1802 2762 c
1812 2721 1859 2762 ie
1870 2736 1924 2763 ιι-

1117 2780 1242 2821 dum
1271 2786 1376 2831 est,
1424 2795 1505 2822 nec
1540 2778 1759 2834 ”eputavit
1786 2778 1924 2820 inter-

1115 2837 1221 2878 dum
1262 2836 1379 2883 idem
1421 2839 1478 2879 ab
1524 2836 1641 2879 ἰδεῖν
1677 2835 1923 2878 derivatum
1963 2862 1984 2874 ·.

1116 2893 1366 2950 significare
1407 2909 1433 2936 v
1452 2894 1467 2936 i
1486 2894 1513 2935 d
1531 2908 1556 2936 e
1573 2893 1646 2935 nd
1670 2906 1701 2934 u
1719 2906 1766 2934 m
1804 2897 1920 2944 est,

1115 2951 1318 3050 '‘3136ae
1328 2964 1356 2992 a
1339 2951 1589 3075 pflgsslgnss.
1593 2964 1617 2991 e
1629 2953 1773 3050 §donet
1780 2947 1922 3049 νῖέυὲ-

1115 3066 1231 3107 σθαι
1244 3022 1558 3132 κομψότατα-.
1573 3063 1653 3106 Th
1667 3077 1691 3105 e
1699 3077 1727 3105 a
1736 3067 1799 3105 et.
1812 3019 1922 3106 οἷκ-

1114 3121 1199 3164 οὖν
1233 3115 1412 3189 ἅρθῶς;
1472 3120 1541 3164 So
1554 3134 1624 3162 cr.
1654 3113 1816 3163 Ἰστέον
1842 3115 1917 3174 δή.

1110 3177 1191 3220 ubi
1217 3179 1262 3220 Η
1276 3193 1300 3220 e
1312 3178 1327 3220 i
1339 3179 1471 3222 ndor
1483 3177 1521 3220 fi
1533 3191 1562 3219 u
1574 3191 1594 3219 s
1621 3177 1740 3218 hunc
1769 3177 1918 3220 locum

1111 3235 1394 3290 comparavit.
1462 3234 1722 3278 Tenendum
1769 3227 1917 3277 tamen

1110 3292 1227 3346 quod
1282 3293 1470 3334 Buttm
1482 3305 1543 3334 an
1556 3305 1585 3332 n
1598 3305 1657 3333 us
1717 3290 1915 3334 Giamm.

1104 3348 1439 3450 {avg-m
1451 3345 1914 3461 ιιιιιεετιι
